date,ticker,Gross Profit,Cost Of Revenue,Total Revenue
2022-12-31,095570,533946966380.0,674420611000.0,1208367577380.0
2021-12-31,095570,471284372830.0,510663284000.0,981947656830.0
2020-12-31,095570,871956093150.0,,871956093150.0
2022-12-31,006840,710681084880.0,3077278770450.0,3787959855330.0
2021-12-31,006840,506430802200.0,2661268849890.0,3167699652090.0
2020-12-31,006840,462935237410.0,2157041980840.0,2619977218250.0
2023-12-31,027410,143086472040.0,300087140040.0,443173612080.0
2022-12-31,027410,131579191680.0,303418248310.0,434997439990.0
2021-12-31,027410,74475342120.0,75712418710.0,150187760830.0
2020-12-31,027410,67551046070.0,86830240240.0,154381286310.0
2023-12-31,282330,1522759796820.0,6671994182070.0,8194753978890.0
2022-12-31,282330,1386199280590.0,6229570187150.0,7615769467740.0
2021-12-31,282330,1177097525590.0,5604063733430.0,6781161259020.0
2020-12-31,282330,1051756036500.0,5129513382790.0,6181269419290.0
2023-12-31,001460,72612824950.0,95788698930.0,168401523880.0
2022-12-31,001460,71733663090.0,97946673770.0,169680336860.0
2021-12-31,001460,69896729070.0,94549164710.0,164445893780.0
2020-12-31,001460,68752583290.0,93110793720.0,161863377010.0
2023-12-31,001465,72612824950.0,95788698930.0,168401523880.0
2022-12-31,001465,71733663090.0,97946673770.0,169680336860.0
2021-12-31,001465,69896729070.0,94549164710.0,164445893780.0
2020-12-31,001465,68752583290.0,93110793720.0,161863377010.0
2022-12-31,001040,11228789320000.0,29696090453000.0,40924879773000.0
2021-12-31,001040,9696112634000.0,24787913920000.0,34484026554000.0
2020-12-31,001040,8607574829000.0,23391528118000.0,31999102947000.0
2022-12-31,079160,1213778878780.0,67527165000.0,1281306043780.0
2021-12-31,079160,701572740650.0,34742626000.0,736315366650.0
2020-12-31,079160,545783743480.0,37660049000.0,583443792480.0
2022-12-31,00104K,11228789320000.0,29696090453000.0,40924879773000.0
2021-12-31,00104K,9696112634000.0,24787913920000.0,34484026554000.0
2020-12-31,00104K,8607574829000.0,23391528118000.0,31999102947000.0
2022-12-31,000120,1186006559170.0,10944706303200.0,12130712862370.0
2021-12-31,000120,1071328065210.0,10272323722280.0,11343651787490.0
2020-12-31,000120,1001171545630.0,9779955604580.0,10781127150210.0
2022-12-31,011150,21535610080.0,131165861850.0,152701471930.0
2021-12-31,011150,22031096020.0,140111855610.0,162142951630.0
2020-12-31,011150,18563118730.0,130486555270.0,149049674000.0
2022-12-31,011155,21535610080.0,131165861850.0,152701471930.0
2021-12-31,011155,22031096020.0,140111855610.0,162142951630.0
2020-12-31,011155,18563118730.0,130486555270.0,149049674000.0
2022-12-31,001045,11228789320000.0,29696090453000.0,40924879773000.0
2021-12-31,001045,9696112634000.0,24787913920000.0,34484026554000.0
2020-12-31,001045,8607574829000.0,23391528118000.0,31999102947000.0
2022-12-31,097950,6554774274000.0,23524738847000.0,30079513121000.0
2021-12-31,097950,5782090997000.0,20507136770000.0,26289227767000.0
2020-12-31,097950,5186413282000.0,19059312372000.0,24245725654000.0
2022-12-31,097955,6554774274000.0,23524738847000.0,30079513121000.0
2021-12-31,097955,5782090997000.0,20507136770000.0,26289227767000.0
2020-12-31,097955,5186413282000.0,19059312372000.0,24245725654000.0
2023-12-31,000480,143704490200.0,673199955330.0,816904445530.0
2022-12-31,000480,119657156320.0,678382456930.0,798039613250.0
2021-12-31,000480,115244026630.0,631047378000.0,746291404630.0
2020-12-31,000480,101086051500.0,604140692510.0,705226744010.0
2022-12-31,000590,33608402700.0,141658049340.0,175266452040.0
2021-12-31,000590,40941590560.0,118076364740.0,159017955300.0
2020-12-31,000590,33174480070.0,98462604430.0,131637084500.0
2023-12-31,012030,84762864960.0,373820997840.0,458583862800.0
2022-12-31,012030,66778531470.0,334566970680.0,401345502150.0
2021-12-31,012030,61817867640.0,265096737280.0,326914604920.0
2020-12-31,012030,63141966090.0,209303873970.0,272445840060.0
2022-12-31,000990,933217768720.0,742069764940.0,1675287533660.0
2021-12-31,000990,535196603490.0,679485436680.0,1214682040170.0
2020-12-31,000990,358884822820.0,577034943660.0,935919766480.0
2023-12-31,001530,62329000920.0,620543126280.0,682872127200.0
2022-12-31,001530,106479038270.0,723449678860.0,829928717130.0
2021-12-31,001530,111634684920.0,701450573130.0,813085258050.0
2020-12-31,001530,87258643400.0,592409442130.0,679668085530.0
2023-12-31,000210,926091480180.0,4091724341060.0,5017815821240.0
2022-12-31,000210,1006103362430.0,4167603807740.0,5173707170170.0
2021-12-31,000210,421456136570.0,1937318660200.0,2358774796770.0
2020-12-31,000210,314349585790.0,1251799225890.0,1566148811680.0
2023-12-31,000215,926091480180.0,4091724341060.0,5017815821240.0
2022-12-31,000215,1006103362430.0,4167603807740.0,5173707170170.0
2021-12-31,000215,421456136570.0,1937318660200.0,2358774796770.0
2020-12-31,000215,314349585790.0,1251799225890.0,1566148811680.0
2023-12-31,375500,782110585380.0,7208953031300.0,7991063616680.0
2022-12-31,375500,931325237050.0,6565498442410.0,7496823679460.0
2021-12-31,375500,1386370854620.0,6245280043960.0,7631650898580.0
2023-12-31,37550L,782110585380.0,7208953031300.0,7991063616680.0
2022-12-31,37550L,931325237050.0,6565498442410.0,7496823679460.0
2021-12-31,37550L,1386370854620.0,6245280043960.0,7631650898580.0
2023-12-31,37550K,782110585380.0,7208953031300.0,7991063616680.0
2022-12-31,37550K,931325237050.0,6565498442410.0,7496823679460.0
2021-12-31,37550K,1386370854620.0,6245280043960.0,7631650898580.0
2023-12-31,007340,825683703850.0,2443559361260.0,3269243065110.0
2022-12-31,007340,732699702800.0,2423676520770.0,3156376223570.0
2021-12-31,007340,150128474140.0,780624256260.0,930752730400.0
2020-12-31,007340,124062982890.0,679033394300.0,803096377190.0
2023-12-31,004840,145153276140.0,592624491690.0,737777767830.0
2022-12-31,004840,145982943940.0,515831072530.0,661814016470.0
2021-12-31,004840,107171535350.0,444165664630.0,551337199980.0
2020-12-31,004840,108556910800.0,388081418290.0,496638329090.0
2022-12-31,155660,62705603390.0,304751232840.0,367456836230.0
2021-12-31,155660,35451421720.0,236966229990.0,272417651710.0
2020-12-31,155660,32385331950.0,198594522300.0,230979854250.0
2022-12-31,069730,43068589770.0,218618571970.0,261687161740.0
2021-12-31,069730,17673966400.0,189468793190.0,207142759590.0
2020-12-31,069730,16318265210.0,159888301570.0,176206566780.0
2022-12-31,017860,116408691760.0,1017311271990.0,1133719963750.0
2021-12-31,017860,113114840190.0,787392373610.0,900507213800.0
2022-12-31,017940,567028673000.0,7423739224660.0,7990767897660.0
2021-12-31,017940,271910290040.0,4880390607430.0,5152300897470.0
2020-12-31,017940,314443451980.0,3613110784640.0,3927554236620.0
2023-11-30,365550,52957789550.0,52957789550.0
2023-05-31,365550,49482601960.0,49482601960.0
2022-11-30,365550,49006142340.0,49006142340.0
2022-08-31,365550,46732222160.0,46732222160.0
2022-05-31,365550,46743296750.0,46743296750.0
2022-02-28,365550,37243801700.0,37243801700.0
2021-11-30,365550,30062669520.0,30062669520.0
2021-05-31,365550,23710051450.0,23710051450.0
2020-11-30,365550,,
2020-05-31,365550,,
2022-12-31,383220,1276182452780.0,532712093920.0,1808894546700.0
2021-12-31,383220,796419578350.0,292752508580.0,1089172086930.0
2022-12-31,007700,1278924791790.0,537890145680.0,1816814937470.0
2021-12-31,007700,516916817690.0,210209527670.0,727126345360.0
2020-12-31,007700,9759771920.0,10890801340.0,20650573260.0
2022-12-31,114090,12463955250.0,249646595810.0,262110551060.0
2021-12-31,114090,-119098601810.0,204185462480.0,85086860670.0
2020-12-31,114090,-53904413140.0,238366745180.0,184462332040.0
2022-12-31,078930,8004898000000.0,20772150000000.0,28777048000000.0
2021-12-31,078930,4935588000000.0,15229461000000.0,20165049000000.0
2020-12-31,078930,2758692000000.0,12685522000000.0,15444214000000.0
2022-12-31,006360,1286606568350.0,11012589646400.0,12299196214750.0
2021-12-31,006360,1350756640660.0,7685818782140.0,9036575422800.0
2020-12-31,006360,1535087602010.0,8587843235440.0,10122930837450.0
2022-12-31,001250,185237135070.0,4885685982280.0,5070923117350.0
2021-12-31,001250,135046667460.0,3713993852820.0,3849040520280.0
2020-12-31,001250,122247488700.0,2692773490760.0,2815020979460.0
2023-12-31,007070,2960024069830.0,8652523850900.0,11612547920730.0
2022-12-31,007070,2832293205490.0,8199599500460.0,11031892705950.0
2021-12-31,007070,2197146326330.0,7493512996050.0,9690659322380.0
2020-12-31,007070,1831295803620.0,7031023135790.0,8862318939410.0
2022-12-31,078935,8004898000000.0,20772150000000.0,28777048000000.0
2021-12-31,078935,4935588000000.0,15229461000000.0,20165049000000.0
2020-12-31,078935,2758692000000.0,12685522000000.0,15444214000000.0
2022-12-31,012630,544551564370.0,4500392967250.0,5044944531620.0
2021-12-31,012630,818976738190.0,3960609590610.0,4779586328800.0
2020-12-31,012630,869193893190.0,3082669108900.0,3951863002090.0
2022-12-31,039570,53857266870.0,556873810170.0,610731077040.0
2021-12-31,039570,26551908660.0,248027619590.0,274579528250.0
2020-12-31,039570,29490391420.0,230927042510.0,260417433930.0
2022-12-31,089470,83744163210.0,962135840390.0,1045880003600.0
2021-12-31,089470,84391415980.0,775365685940.0,859757101920.0
2020-12-31,089470,84363677780.0,605057732450.0,689421410230.0
2023-12-31,294870,380737461200.0,3810050687140.0,4190788148340.0
2022-12-31,294870,316450373710.0,2981849268020.0,3298299641730.0
2021-12-31,294870,496296362500.0,2867609243290.0,3363905605790.0
2020-12-31,294870,785072723800.0,2885152256610.0,3670224980410.0
2022-12-31,009540,366439553000.0,16935580632000.0,17302020185000.0
2021-12-31,009540,-516737814000.0,16010119587000.0,15493381773000.0
2020-12-31,009540,744653105000.0,14159004629000.0,14903657734000.0
2022-12-31,267250,5966570425000.0,54883097648000.0,60849668073000.0
2021-12-31,267250,2617374821000.0,25736296657000.0,28353671478000.0
2020-12-31,267250,569687282000.0,18341294237000.0,18910981519000.0
2022-12-31,267270,602038002000.0,2913573919000.0,3515611921000.0
2021-12-31,267270,532625513000.0,2751714110000.0,3284339623000.0
2020-12-31,267270,428309249000.0,1962200545000.0,2390509794000.0
2022-12-31,322000,185269265820.0,799543147300.0,984812413120.0
2021-12-31,322000,75898273970.0,517265307900.0,593163581870.0
2020-12-31,322000,52920593660.0,341476118900.0,394396712560.0
2022-12-31,042670,1007621308160.0,3748492193510.0,4756113501670.0
2021-12-31,042670,991318318460.0,3602346827880.0,4593665146340.0
2020-12-31,042670,842033952770.0,3146070044290.0,3988103997060.0
2022-12-31,267260,336305268940.0,1768194218390.0,2104499487330.0
2021-12-31,267260,235126488180.0,1570865258700.0,1805991746880.0
2020-12-31,267260,310177220680.0,1501167513700.0,1811344734380.0
2022-12-31,329180,162861047000.0,8882619441000.0,9045480488000.0
2021-12-31,329180,-209208672000.0,8520484596000.0,8311275924000.0
2020-12-31,329180,474127149000.0,7837882674000.0,8312009823000.0
2022-12-31,097230,96635000000.0,1691528000000.0,1788163000000.0
2021-12-31,097230,-20527000000.0,1727059000000.0,1706532000000.0
2020-12-31,097230,130471000000.0,1565344000000.0,1695815000000.0
2023-12-31,014790,152603241600.0,1419374340880.0,1571977582480.0
2022-12-31,014790,145464353720.0,1326623917960.0,1472088271680.0
2021-12-31,014790,184603221260.0,1290695840270.0,1475299061530.0
2020-12-31,014790,177306582080.0,1373570462130.0,1550877044210.0
2022-12-31,003580,8456493030.0,36135406160.0,44591899190.0
2021-12-31,003580,8870272190.0,36175880830.0,45046153020.0
2020-12-31,003580,4674199760.0,30702621750.0,35376821510.0
2022-12-31,060980,208510300400.0,1068595769650.0,1277106070050.0
2021-12-31,060980,226219077370.0,814939335030.0,1041158412400.0
2020-12-31,060980,167305172410.0,568492466920.0,735797639330.0
2023-12-31,011200,974862000000.0,7426107000000.0,8400969000000.0
2022-12-31,011200,10443855000000.0,8138915000000.0,18582770000000.0
2021-12-31,011200,7757727000000.0,6036421000000.0,13794148000000.0
2020-12-31,011200,1284442000000.0,5128828000000.0,6413270000000.0
2023-12-31,035000,219719787540.0,328614211480.0,548333999020.0
2022-12-31,035000,204404402820.0,326043650800.0,530448053620.0
2021-12-31,035000,184458984450.0,274038786040.0,458497770490.0
2020-12-31,035000,164697287200.0,210919735540.0,375617022740.0
2023-12-31,003560,36300281500.0,36300281500.0
2022-12-31,003560,46794198790.0,46794198790.0
2021-12-31,003560,60007423250.0,60007423250.0
2020-12-31,003560,81049278890.0,81049278890.0
2023-12-31,234080,52393024570.0,154467347220.0,206860371790.0
2022-12-31,234080,48120699980.0,140810465260.0,188931165240.0
2021-12-31,234080,49157280070.0,120659669940.0,169816950010.0
2020-12-31,234080,59496901800.0,124024143280.0,183521045080.0
2023-12-31,001060,335542396070.0,412984311740.0,748526707810.0
2022-12-31,001060,287954537740.0,396396561500.0,684351099240.0
2021-12-31,001060,234376333340.0,372208611430.0,606584944770.0
2020-12-31,001060,177525624140.0,369810083660.0,547335707800.0
2023-12-31,001067,335542396070.0,412984311740.0,748526707810.0
2022-12-31,001067,287954537740.0,396396561500.0,684351099240.0
2021-12-31,001067,234376333340.0,372208611430.0,606584944770.0
2020-12-31,001067,177525624140.0,369810083660.0,547335707800.0
2023-12-31,001065,335542396070.0,412984311740.0,748526707810.0
2022-12-31,001065,287954537740.0,396396561500.0,684351099240.0
2021-12-31,001065,234376333340.0,372208611430.0,606584944770.0
2020-12-31,001065,177525624140.0,369810083660.0,547335707800.0
2022-12-31,096760,399958810700.0,464577620020.0,864536430720.0
2021-12-31,096760,344178634430.0,444758346460.0,788936980890.0
2020-12-31,096760,307277955750.0,474236884270.0,781514840020.0
2023-07-31,432320,28576063870.0,28576063870.0
2023-01-31,432320,32462550580.0,32462550580.0
2022-06-30,432320,,
2022-12-31,002380,1484908757120.0,5289884894100.0,6774793651220.0
2021-12-31,002380,1326564422000.0,4548334870330.0,5874899292330.0
2020-12-31,002380,1041844824830.0,4041786668160.0,5083631492990.0
2023-12-31,344820,281979321750.0,1398076324840.0,1680055646590.0
2022-12-31,344820,292999834280.0,1150680857550.0,1443680691830.0
2021-12-31,344820,296546591140.0,879113374030.0,1175659965170.0
2020-12-31,344820,126047326870.0,582610069550.0,708657396420.0
2023-12-31,009070,101224743470.0,721900686210.0,823125429680.0
2022-12-31,009070,100480266480.0,819928402250.0,920408668730.0
2021-12-31,009070,83293154550.0,611444744880.0,694737899430.0
2020-12-31,009070,68614521120.0,420119258480.0,488733779600.0
2022-12-31,009440,89181685000.0,622026576000.0,711208261000.0
2021-12-31,009440,90266283050.0,522410337950.0,612676621000.0
2020-12-31,009440,62692918840.0,617755263000.0,680448181840.0
2022-12-31,119650,30060460930.0,391523285930.0,421583746860.0
2021-12-31,119650,28817917990.0,326216851780.0,355034769770.0
2020-12-31,119650,-14921508780.0,342830217510.0,327908708730.0
2022-12-31,092220,50493500040.0,205677762550.0,256171262590.0
2021-12-31,092220,56489537230.0,210983053850.0,267472591080.0
2020-12-31,092220,25810127320.0,175236353550.0,201046480870.0
2022-12-31,003620,287062232560.0,3136278640730.0,3423340873290.0
2021-12-31,003620,57790262790.0,2371537438010.0,2429327700800.0
2020-12-31,003620,80057845600.0,2870122873530.0,2950180719130.0
2022-12-31,016380,445869911820.0,3373819116010.0,3819689027830.0
2021-12-31,016380,396766824390.0,2958022361940.0,3354789186330.0
2020-12-31,016380,209770782770.0,2132672808130.0,2342443590900.0
2022-12-31,001390,1088501806730.0,5518853282120.0,6607355088850.0
2021-12-31,001390,891365146340.0,3935253246710.0,4826618393050.0
2020-12-31,001390,667523724210.0,3018826627420.0,3686350351630.0
2022-12-31,033180,36264182720.0,128027645620.0,164291828340.0
2021-12-31,033180,34813467380.0,85378710540.0,120192177920.0
2020-12-31,033180,37156637510.0,81658863220.0,118815500730.0
2022-12-31,015590,16465657070.0,89208250260.0,105673907330.0
2021-12-31,015590,7644823250.0,73060403610.0,80705226860.0
2020-12-31,015590,18638013810.0,106306865910.0,124944879720.0
2022-12-31,001940,266030411810.0,1544583034230.0,1810613446040.0
2021-12-31,001940,266053720920.0,1314795618050.0,1580849338970.0
2020-12-31,001940,162154463450.0,902414984020.0,1064569447470.0
2023-12-31,025000,142251113890.0,768868521170.0,911119635060.0
2022-12-31,025000,145797263190.0,837782295470.0,983579558660.0
2021-12-31,025000,120647730640.0,900138370150.0,1020786100790.0
2020-12-31,025000,120795570130.0,625866753100.0,746662323230.0
2023-12-31,092230,185084639770.0,1021925519730.0,1207010159500.0
2022-12-31,092230,186113301180.0,1054334143530.0,1240447444710.0
2021-12-31,092230,156712132410.0,1081990097510.0,1238702229920.0
2020-12-31,092230,160666606410.0,792513012080.0,953179618490.0
2022-12-31,000040,17030523910.0,100028216600.0,117058740510.0
2021-12-31,000040,17682644780.0,115827793140.0,133510437920.0
2020-12-31,000040,19866253270.0,97968121790.0,117834375060.0
2022-12-31,044450,84852781160.0,360523008540.0,445375789700.0
2021-12-31,044450,72183732820.0,251817533990.0,324001266810.0
2020-12-31,044450,62188145440.0,163993021600.0,226181167040.0
2023-12-31,030200,,,
2022-12-31,030200,15899909000000.0,9738946000000.0,25638855000000.0
2021-12-31,030200,14859234000000.0,10038771000000.0,24898005000000.0
2020-12-31,030200,14311281000000.0,9788113000000.0,24099394000000.0
2023-12-31,033780,2808215000000.0,3054393000000.0,5862608000000.0
2022-12-31,033780,2960240000000.0,2891166000000.0,5851406000000.0
2021-12-31,033780,2878171877690.0,2350179718840.0,5228351596530.0
2020-12-31,033780,2928237188440.0,2127074299460.0,5055311487900.0
2023-12-31,058850,635196417160.0,635196417160.0
2022-12-31,058850,1029466970040.0,1029466970040.0
2021-12-31,058850,965721215190.0,965721215190.0
2020-12-31,058850,931703674260.0,931703674260.0
2023-12-31,058860,501308244720.0,91651426000.0,592959670720.0
2022-12-31,058860,460917082930.0,74866223000.0,535783305930.0
2021-12-31,058860,412373068980.0,55631195000.0,468004263980.0
2020-12-31,058860,410191579630.0,43447565000.0,453639144630.0
2022-12-31,093050,1170380796480.0,798159568150.0,1968540364630.0
2021-12-31,093050,1098094909230.0,695009070490.0,1793103979720.0
2020-12-31,093050,897123550850.0,713336421250.0,1610459972100.0
2022-12-31,003550,2332798000000.0,4853189000000.0,7185987000000.0
2021-12-31,003550,2793563000000.0,4065447000000.0,6859010000000.0
2020-12-31,003550,1896239000000.0,3302831000000.0,5199070000000.0
2022-12-31,034220,1124078000000.0,25027703000000.0,26151781000000.0
2021-12-31,034220,5305104000000.0,24572939000000.0,29878043000000.0
2020-12-31,034220,2635222000000.0,21626339000000.0,24261561000000.0
2023-12-31,051900,3626918288480.0,3177921081640.0,6804839370120.0
2022-12-31,051900,4017247091570.0,3168512092760.0,7185759184330.0
2021-12-31,051900,5051627742920.0,3039883555040.0,8091511297960.0
2020-12-31,051900,4881575503570.0,2962930553560.0,7844506057130.0
2023-12-31,051905,3626918288480.0,3177921081640.0,6804839370120.0
2022-12-31,051905,4017247091570.0,3168512092760.0,7185759184330.0
2021-12-31,051905,5051627742920.0,3039883555040.0,8091511297960.0
2020-12-31,051905,4881575503570.0,2962930553560.0,7844506057130.0
2023-12-31,373220,2406989000000.0,9881450000000.0,12288439000000.0
2022-12-31,373220,4290532000000.0,21308077000000.0,25598609000000.0
2021-12-31,373220,3898783000000.0,13953123000000.0,17851906000000.0
2020-12-31,373220,224048000000.0,1237020000000.0,1461068000000.0
2022-12-31,003555,2332798000000.0,4853189000000.0,7185987000000.0
2021-12-31,003555,2793563000000.0,4065447000000.0,6859010000000.0
2020-12-31,003555,1896239000000.0,3302831000000.0,5199070000000.0
2023-12-31,032640,11500351000000.0,2872275000000.0,14372626000000.0
2022-12-31,032640,11254775000000.0,2651215000000.0,13905990000000.0
2021-12-31,032640,10995729000000.0,2855406000000.0,13851135000000.0
2020-12-31,032640,10437221000000.0,2980406000000.0,13417627000000.0
2023-12-31,011070,1863315858350.0,18741974184020.0,20605290042370.0
2022-12-31,011070,2374398590820.0,17215010892560.0,19589409483380.0
2021-12-31,011070,2130537591510.0,12815071627540.0,14945609219050.0
2020-12-31,011070,1290340322590.0,8251449217960.0,9541789540550.0
2023-12-31,066570,19802655000000.0,64425110000000.0,84227765000000.0
2022-12-31,066570,20236230000000.0,63231088000000.0,83467318000000.0
2021-12-31,066570,18897222000000.0,55010762000000.0,73907984000000.0
2020-12-31,066570,15508721000000.0,42549187000000.0,58057908000000.0
2023-12-31,066575,19802655000000.0,64425110000000.0,84227765000000.0
2022-12-31,066575,20236230000000.0,63231088000000.0,83467318000000.0
2021-12-31,066575,18897222000000.0,55010762000000.0,73907984000000.0
2020-12-31,066575,15508721000000.0,42549187000000.0,58057908000000.0
2023-12-31,037560,1019536678840.0,170720770000.0,1190257448840.0
2022-12-31,037560,992422667990.0,175445330000.0,1167867997990.0
2021-12-31,037560,971711126920.0,108421154000.0,1080132280920.0
2020-12-31,037560,968489517630.0,89445178000.0,1057934695630.0
2023-12-31,051910,2693449000000.0,17253928000000.0,19947377000000.0
2022-12-31,051910,9986462000000.0,41878426000000.0,51864888000000.0
2021-12-31,051910,11214628000000.0,31384656000000.0,42599284000000.0
2020-12-31,051910,6317487000000.0,23741385000000.0,30058872000000.0
2023-12-31,051915,2693449000000.0,17253928000000.0,19947377000000.0
2022-12-31,051915,9986462000000.0,41878426000000.0,51864888000000.0
2021-12-31,051915,11214628000000.0,31384656000000.0,42599284000000.0
2020-12-31,051915,6317487000000.0,23741385000000.0,30058872000000.0
2022-12-31,079550,326542021840.0,1894209846590.0,2220751868430.0
2021-12-31,079550,231569889490.0,1590624425950.0,1822194315440.0
2020-12-31,079550,189680189470.0,1410664125550.0,1600344315020.0
2022-12-31,006260,1881714000000.0,15609624000000.0,17491338000000.0
2021-12-31,006260,1612395000000.0,11216879000000.0,12829274000000.0
2020-12-31,006260,1291399000000.0,9152917000000.0,10444316000000.0
2023-12-31,010120,773433562060.0,3457049066380.0,4230482628440.0
2022-12-31,010120,596855887130.0,2780214328700.0,3377070215830.0
2021-12-31,010120,487086631600.0,2181178348650.0,2668264980250.0
2020-12-31,010120,434139917090.0,1968532611330.0,2402672528420.0
2022-12-31,000680,117557051210.0,245353980380.0,362911031590.0
2021-12-31,000680,110533133280.0,279937430620.0,390470563900.0
2020-12-31,000680,84000968310.0,250863652350.0,334864620660.0
2022-12-31,229640,53319591480.0,765175136710.0,818494728190.0
2021-12-31,229640,61613381460.0,689003514080.0,750616895540.0
2020-12-31,229640,46917600270.0,532694701210.0,579612301480.0
2023-12-31,108320,533976838040.0,1367468136980.0,1901444975020.0
2022-12-31,108320,675673063560.0,1443672300050.0,2119345363610.0
2021-12-31,108320,658492457270.0,1240353258750.0,1898845716020.0
2020-12-31,108320,296026183280.0,865870102740.0,1161896286020.0
2023-12-31,001120,1375632791400.0,13138717077720.0,14514349869120.0
2022-12-31,001120,1835486671910.0,16924062732120.0,18759549404030.0
2021-12-31,001120,1351394112880.0,15335138520770.0,16686532633650.0
2020-12-31,001120,732376821570.0,10550255568000.0,11282632389570.0
2023-12-31,108670,840623000000.0,2685184000000.0,3525807000000.0
2022-12-31,108670,760098000000.0,2851053000000.0,3611151000000.0
2021-12-31,108670,832189000000.0,2627603000000.0,3459792000000.0
2020-12-31,108670,753207000000.0,2284830000000.0,3038037000000.0
2023-12-31,108675,840623000000.0,2685184000000.0,3525807000000.0
2022-12-31,108675,760098000000.0,2851053000000.0,3611151000000.0
2021-12-31,108675,832189000000.0,2627603000000.0,3459792000000.0
2020-12-31,108675,753207000000.0,2284830000000.0,3038037000000.0
2022-12-31,383800,198802000000.0,38116000000.0,236918000000.0
2021-12-31,383800,177404000000.0,8408000000.0,185812000000.0
2022-12-31,38380K,198802000000.0,38116000000.0,236918000000.0
2021-12-31,38380K,177404000000.0,8408000000.0,185812000000.0
2023-12-31,023150,40905431440.0,64578663870.0,105484095310.0
2022-12-31,023150,43260488270.0,67461913660.0,110722401930.0
2021-12-31,023150,43855662580.0,58211274360.0,102066936940.0
2020-12-31,023150,34821281290.0,59823957920.0,94645239210.0
2023-12-31,035420,9670643576580.0,9670643576580.0
2022-12-31,035420,8220078708810.0,8220078708810.0
2021-12-31,035420,6817599707250.0,6817599707250.0
2020-12-31,035420,5304145900390.0,5304145900390.0
2022-12-31,181710,2114869816080.0,2114869816080.0
2021-12-31,181710,1923677420330.0,1923677420330.0
2020-12-31,181710,1641243735620.0,1641243735620.0
2023-06-30,400760,22665674130.0,22665674130.0
2022-12-31,400760,21812261390.0,21812261390.0
2022-09-30,400760,18053698270.0,18053698270.0
2022-06-30,400760,16670748360.0,16670748360.0
2022-03-31,400760,16626834410.0,16626834410.0
2021-12-31,400760,16943224420.0,16943224420.0
2021-06-30,400760,16235684780.0,16235684780.0
2020-12-31,400760,12701526830.0,12701526830.0
2020-06-30,400760,10412257020.0,10412257020.0
2023-11-30,338100,14631179720.0,14631179720.0
2023-05-31,338100,2905982960.0,2905982960.0
2022-11-30,338100,7633137100.0,7633137100.0
2022-08-31,338100,2962876280.0,2962876280.0
2022-05-31,338100,2613216440.0,2613216440.0
2022-02-28,338100,2174626920.0,2174626920.0
2021-11-30,338100,4147810670.0,4147810670.0
2021-05-31,338100,2715396950.0,2715396950.0
2020-11-30,338100,2855122180.0,2855122180.0
2020-08-31,338100,2764444480.0,2764444480.0
2020-05-31,338100,2631735260.0,2631735260.0
2022-12-31,034310,2036972082160.0,715949997000.0,2752922079160.0
2021-12-31,034310,1835499600330.0,614366932000.0,2449866532330.0
2020-12-31,034310,1613727255810.0,441786842000.0,2055514097810.0
2022-12-31,030190,479868591380.0,479868591380.0
2021-12-31,030190,484797305610.0,484797305610.0
2020-12-31,030190,446005796020.0,446005796020.0
2023-12-31,008260,97312890770.0,285598248030.0,382911138800.0
2022-12-31,008260,89716689030.0,265673513110.0,355390202140.0
2021-12-31,008260,44839958920.0,203372790540.0,248212749460.0
2020-12-31,008260,32917821610.0,159654019390.0,192571841000.0
2022-12-31,004250,79396252840.0,465185222860.0,544581475700.0
2021-12-31,004250,75803367170.0,411098783800.0,486902150970.0
2020-12-31,004250,62573967330.0,368759400060.0,431333367390.0
2022-12-31,004255,79396252840.0,465185222860.0,544581475700.0
2021-12-31,004255,75803367170.0,411098783800.0,486902150970.0
2020-12-31,004255,62573967330.0,368759400060.0,431333367390.0
2023-12-31,456040,169507182000.0,1119318493000.0,1288825675000.0
2023-12-31,010060,710468568000.0,1939223325000.0,2649691893000.0
2022-12-31,010060,903812159000.0,1865117241000.0,2768929400000.0
2021-12-31,010060,906141073000.0,2337855679000.0,3243996752000.0
2020-12-31,010060,128521359000.0,1873995419000.0,2002516778000.0
2023-12-31,178920,25303966410.0,192335417310.0,217639383720.0
2022-12-31,178920,79563185040.0,196877245450.0,276440430490.0
2021-12-31,178920,104084785950.0,197783933530.0,301868719480.0
2020-12-31,178920,84687468220.0,177101311040.0,261788779260.0
2023-12-31,005490,,,
2022-12-31,005490,7682417000000.0,77321199000000.0,85003616000000.0
2021-12-31,005490,11854862000000.0,64154339000000.0,76009201000000.0
2020-12-31,005490,4668084000000.0,52798594000000.0,57466678000000.0
2022-12-31,010950,4154588000000.0,38291440000000.0,42446028000000.0
2021-12-31,010950,2768726000000.0,24695192000000.0,27463918000000.0
2020-12-31,010950,-536523000000.0,17366204000000.0,16829681000000.0
2022-12-31,010955,4154588000000.0,38291440000000.0,42446028000000.0
2021-12-31,010955,2768726000000.0,24695192000000.0,27463918000000.0
2020-12-31,010955,-536523000000.0,17366204000000.0,16829681000000.0
2022-12-31,034120,369438226270.0,804343354620.0,1173781580890.0
2021-12-31,034120,347210152430.0,701824417170.0,1049034569600.0
2020-12-31,034120,223406650370.0,636936463990.0,860343114360.0
2023-12-31,005090,210751703160.0,2813299932060.0,3024051635220.0
2022-12-31,005090,293142840730.0,2530191225100.0,2823334065830.0
2021-12-31,005090,256102768760.0,1642284040840.0,1898386809600.0
2020-12-31,005090,13539853580.0,93008513000.0,106548366580.0
2023-12-31,001380,14261184030.0,79887620480.0,94148804510.0
2022-12-31,001380,6970709820.0,60690805090.0,67661514910.0
2021-12-31,001380,7415717030.0,50356051340.0,57771768370.0
2020-12-31,001380,11550364360.0,73510001260.0,85060365620.0
2023-12-31,004060,66913206410.0,76166823450.0,143080029860.0
2022-12-31,004060,74533350800.0,86771433470.0,161304784270.0
2021-12-31,004060,53576767730.0,82169911720.0,135746679450.0
2020-12-31,004060,49170763890.0,118631996780.0,167802760670.0
2022-12-31,001770,17561425060.0,107702567560.0,125263992620.0
2021-12-31,001770,9446247360.0,95324459000.0,104770706360.0
2020-12-31,001770,5040185260.0,72286769650.0,77326954910.0
2022-12-31,002360,10960794060.0,156395080490.0,167355874550.0
2021-12-31,002360,9664013830.0,134098539880.0,143762553710.0
2020-12-31,002360,1088080590.0,92496181200.0,93584261790.0
2022-12-31,009160,175641134640.0,496587578450.0,672228713090.0
2021-12-31,009160,159436520690.0,453576258880.0,613012779570.0
2020-12-31,009160,37677896060.0,328185406990.0,365863303050.0
2022-12-31,123700,40125198350.0,140112506570.0,180237704920.0
2021-12-31,123700,35044914850.0,110680804610.0,145725719460.0
2020-12-31,123700,30169347570.0,108499604340.0,138668951910.0
2022-12-31,025530,45321204240.0,138902484970.0,184223689210.0
2021-12-31,025530,39483258290.0,110185554370.0,149668812660.0
2020-12-31,025530,33559230010.0,107994229480.0,141553459490.0
2023-12-31,034730,12792984000000.0,118444894000000.0,131237878000000.0
2022-12-31,034730,15643757000000.0,116435597000000.0,132079354000000.0
2021-12-31,034730,10780900000000.0,86422753000000.0,97203653000000.0
2020-12-31,034730,5376731000000.0,75442024000000.0,80818755000000.0
2023-12-31,011790,21691589160.0,1549059991770.0,1570751580930.0
2022-12-31,011790,376331427330.0,2010318576750.0,2386650004080.0
2021-12-31,011790,594481515180.0,1669725571240.0,2264207086420.0
2020-12-31,011790,491615756120.0,1974234324610.0,2465850080730.0
2023-12-31,018670,616147539070.0,6376109851780.0,6992257390850.0
2022-12-31,018670,678116550910.0,7388052567350.0,8066169118260.0
2021-12-31,018670,369142579680.0,6125370606270.0,6494513185950.0
2020-12-31,018670,448850517350.0,3963468465870.0,4412318983220.0
2023-12-31,001740,1232209000000.0,7901658000000.0,9133867000000.0
2022-12-31,001740,1145912000000.0,8280248000000.0,9426160000000.0
2021-12-31,001740,1136208000000.0,9881932000000.0,11018140000000.0
2020-12-31,001740,1078392000000.0,9547514000000.0,10625906000000.0
2022-12-31,006120,832068201860.0,7885046946900.0,8717115148760.0
2021-12-31,006120,378779134740.0,6235549025960.0,6614328160700.0
2020-12-31,006120,463886161740.0,4055577894060.0,4519464055800.0
2022-12-31,006125,832068201860.0,7885046946900.0,8717115148760.0
2021-12-31,006125,378779134740.0,6235549025960.0,6614328160700.0
2020-12-31,006125,463886161740.0,4055577894060.0,4519464055800.0
2022-12-31,210980,563436566170.0,,563436566170.0
2021-12-31,210980,881836637140.0,581667500810.0,881836637140.0
2020-12-31,210980,225311032780.0,474441992690.0,699753025470.0
2023-09-30,395400,32156033420.0,32156033420.0
2023-06-30,395400,30546824360.0,30546824360.0
2023-03-31,395400,30552280610.0,30552280610.0
2022-12-31,395400,29005612550.0,29005612550.0
2022-09-30,395400,24150060590.0,24150060590.0
2022-06-30,395400,18644699780.0,18644699780.0
2022-03-31,395400,18587055900.0,18587055900.0
2021-12-31,395400,18579453130.0,18579453130.0
2021-09-30,395400,17088721820.0,17088721820.0
2021-06-30,395400,,
2022-12-31,302440,239610941390.0,217114929800.0,456725871190.0
2021-12-31,302440,570283127100.0,358717802800.0,929000929900.0
2020-12-31,302440,95342068660.0,130268716200.0,225610784860.0
2023-12-31,326030,320809058310.0,34082497210.0,354891555520.0
2022-12-31,326030,208410986430.0,37768133590.0,246179120020.0
2021-12-31,326030,396308534720.0,22335994400.0,418644529120.0
2020-12-31,326030,24025016390.0,1974010330.0,25999026720.0
2023-12-31,402340,1403392000000.0,873116000000.0,2276508000000.0
2022-12-31,402340,1659969000000.0,710584000000.0,2370553000000.0
2021-12-31,402340,996700000000.0,149714000000.0,1146414000000.0
2023-12-31,361610,153474096000.0,496094209000.0,649568305000.0
2022-12-31,361610,56768001000.0,529030632000.0,585798633000.0
2021-12-31,361610,191977507000.0,411789914000.0,603767421000.0
2020-12-31,361610,184121793000.0,285187433000.0,469309226000.0
2023-12-31,100090,105011425300.0,820824250540.0,925835675840.0
2022-12-31,100090,101380255970.0,590449883250.0,691830139220.0
2021-12-31,100090,43375574710.0,459684825360.0,503060400070.0
2020-12-31,100090,45525070470.0,381714155360.0,427239225830.0
2023-12-31,03473K,12792984000000.0,118444894000000.0,131237878000000.0
2022-12-31,03473K,15643757000000.0,116435597000000.0,132079354000000.0
2021-12-31,03473K,10780900000000.0,86422753000000.0,97203653000000.0
2020-12-31,03473K,5376731000000.0,75442024000000.0,80818755000000.0
2023-12-31,096770,5014017964000.0,72274467900000.0,77288485864000.0
2022-12-31,096770,7027206635000.0,71029732813000.0,78056939448000.0
2021-12-31,096770,4181294212000.0,42672121506000.0,46853415718000.0
2020-12-31,096770,-327570287000.0,34877510546000.0,34549940259000.0
2023-12-31,096775,5014017964000.0,72274467900000.0,77288485864000.0
2022-12-31,096775,7027206635000.0,71029732813000.0,78056939448000.0
2021-12-31,096775,4181294212000.0,42672121506000.0,46853415718000.0
2020-12-31,096775,-327570287000.0,34877510546000.0,34549940259000.0
2022-12-31,285130,615094863720.0,1214096459200.0,1829191322920.0
2021-12-31,285130,881379728170.0,1208252148240.0,2089631876410.0
2020-12-31,285130,387998077120.0,810782693270.0,1198780770390.0
2022-12-31,28513K,615094863720.0,1214096459200.0,1829191322920.0
2021-12-31,28513K,881379728170.0,1208252148240.0,2089631876410.0
2020-12-31,28513K,387998077120.0,810782693270.0,1198780770390.0
2022-12-31,017670,15053138000000.0,2251835000000.0,17304973000000.0
2021-12-31,017670,14521428000000.0,2227157000000.0,16748585000000.0
2020-12-31,017670,13917074000000.0,2170673000000.0,16087747000000.0
2023-12-31,000660,447119000000.0,27192878000000.0,27639997000000.0
2022-12-31,000660,15627855000000.0,28993713000000.0,44621568000000.0
2021-12-31,000660,18952192000000.0,24045600000000.0,42997792000000.0
2020-12-31,000660,10810629000000.0,21089789000000.0,31900418000000.0
2023-12-31,003570,65522276900.0,420431996430.0,485954273330.0
2022-12-31,003570,56118656450.0,351906041810.0,408024698260.0
2021-12-31,003570,41407379890.0,294546632700.0,335954012590.0
2020-12-31,003570,31680876860.0,270073530880.0,301754407740.0
2023-12-31,064960,170314344440.0,965965827760.0,1136280172200.0
2022-12-31,064960,171476341640.0,873384269600.0,1044860611240.0
2021-12-31,064960,144042009720.0,797702674170.0,941744683890.0
2020-12-31,064960,136665055850.0,804080467520.0,940745523370.0
2023-12-31,100840,49267730940.0,272687919260.0,321955650200.0
2022-12-31,100840,22120678350.0,180757956920.0,202878635270.0
2021-12-31,100840,28721481400.0,142366611870.0,171088093270.0
2020-12-31,100840,40088586960.0,197311149080.0,237399736040.0
2023-12-31,036530,281737925660.0,1613977133750.0,1895715059410.0
2022-12-31,036530,253838496920.0,1375682427850.0,1629520924770.0
2021-12-31,036530,213618821130.0,1190453277370.0,1404072098500.0
2020-12-31,036530,208642729520.0,1227111969670.0,1435754699190.0
2022-12-31,005610,520388272360.0,2794159008140.0,3314547280500.0
2021-12-31,005610,472762001840.0,2473891784810.0,2946653786650.0
2020-12-31,005610,412503147770.0,2130206282410.0,2542709430180.0
2022-12-31,011810,47629000000.0,1140946000000.0,1188575000000.0
2021-12-31,011810,55345000000.0,870164000000.0,925509000000.0
2020-12-31,011810,40282000000.0,935285000000.0,975567000000.0
2023-12-31,077970,67901550180.0,562476183810.0,630377733990.0
2022-12-31,077970,36882385000.0,507139308980.0,544021693980.0
2021-12-31,077970,41234681670.0,452220619830.0,493455301500.0
2020-12-31,077970,55163359750.0,531531908110.0,586695267860.0
2022-12-31,071970,29054099250.0,150274053370.0,179328152620.0
2021-12-31,071970,15712501330.0,121691317110.0,137403818440.0
2020-12-31,071970,27717418520.0,220242415230.0,247959833750.0
2022-12-31,002820,29422539770.0,477268674590.0,506691214360.0
2021-12-31,002820,24040131240.0,441278218720.0,465318349960.0
2020-12-31,002820,37015258030.0,375514956750.0,412530214780.0
2022-12-31,084870,117412955260.0,85678565990.0,203091521250.0
2021-12-31,084870,106571931820.0,81503617760.0,188075549580.0
2020-12-31,084870,92762689970.0,80377018430.0,173139708400.0
2023-12-31,002710,41336323740.0,583082303380.0,624418627120.0
2022-12-31,002710,78784675820.0,605629955560.0,684414631380.0
2021-12-31,002710,48871896820.0,487779232500.0,536651129320.0
2020-12-31,002710,20462686440.0,411335225860.0,431797912300.0
2023-12-31,069260,166462703770.0,886226584690.0,1052689288460.0
2022-12-31,069260,157267272490.0,1078570598600.0,1235837871090.0
2021-12-31,069260,129391412950.0,731813243470.0,861204656420.0
2020-12-31,069260,129608785210.0,463902577160.0,593511362370.0
2022-12-31,002900,273881833600.0,892256933260.0,1166138766860.0
2021-12-31,002900,157657601500.0,683798314960.0,841455916460.0
2020-12-31,002900,125070729080.0,588230054320.0,713300783400.0
2023-12-31,024070,3474401500.0,108844853000.0,112319254500.0
2022-12-31,024070,7192330380.0,118489982260.0,125682312640.0
2021-12-31,024070,6157112450.0,111450022620.0,117607135070.0
2020-12-31,024070,4803444810.0,97647473790.0,102450918600.0
2022-12-31,037270,31267706070.0,108953409510.0,140221115580.0
2021-12-31,037270,23108647190.0,97199288280.0,120307935470.0
2020-12-31,037270,28460276760.0,78679487640.0,107139764400.0
2022-12-31,000500,88533597860.0,1327920806470.0,1416454404330.0
2021-12-31,000500,61774237330.0,1008608967460.0,1070383204790.0
2020-12-31,000500,47965060290.0,809450188770.0,857415249060.0
2022-12-31,000860,65259222930.0,607906965550.0,673166188480.0
2021-12-31,000860,45144377930.0,545839622050.0,590983999980.0
2020-12-31,000860,42394707090.0,298412645410.0,340807352500.0
2022-12-31,035250,348895092240.0,921790726860.0,1270685819100.0
2021-12-31,035250,61649605120.0,726783224800.0,788432829920.0
2020-12-31,035250,-65920771260.0,544499637600.0,478578866340.0
2022-12-31,011420,10033262330.0,20060621110.0,30093883440.0
2021-12-31,011420,7875362030.0,21024104670.0,28899466700.0
2020-12-31,011420,2873696550.0,16665897320.0,19539593870.0
2022-12-31,002100,110424494510.0,251180078570.0,361604573080.0
2021-12-31,002100,83218250930.0,187051198710.0,270269449640.0
2020-12-31,002100,80611234220.0,167684289580.0,248295523800.0
2023-12-31,009450,513978518720.0,690334353030.0,1204312871750.0
2022-12-31,009450,467907850220.0,692952938380.0,1160860788600.0
2021-12-31,009450,419117742770.0,683829267230.0,1102947010000.0
2020-12-31,009450,337079002100.0,536330016710.0,873409018810.0
2023-12-31,267290,120613880680.0,1678839917170.0,1799453797850.0
2022-12-31,267290,115644338010.0,2189300671640.0,2304945009650.0
2021-12-31,267290,113889272130.0,1343265056170.0,1457154328300.0
2020-12-31,267290,103373089360.0,983457538180.0,1086830627540.0
2022-12-31,012320,38170684030.0,237368877510.0,275539561540.0
2021-12-31,012320,38371871810.0,260089237070.0,298461108880.0
2020-12-31,012320,42830933030.0,267702054810.0,310532987840.0
2023-12-31,000050,111791820210.0,281727138780.0,393518958990.0
2022-12-31,000050,126187836990.0,263039745840.0,389227582830.0
2021-12-31,000050,136585547910.0,246771596890.0,383357144800.0
2020-12-31,000050,96826102590.0,232398638190.0,329224740780.0
2023-12-31,214390,63075275610.0,153282206180.0,216357481790.0
2022-12-31,214390,44417872280.0,151847029800.0,196264902080.0
2021-12-31,214390,35360292600.0,135299352430.0,170659645030.0
2020-12-31,214390,52464740200.0,162820354940.0,215285095140.0
2023-12-31,012610,57692006670.0,287716233410.0,345408240080.0
2022-12-31,012610,103832447350.0,298804893880.0,402637341230.0
2021-12-31,012610,101910091120.0,301415567490.0,403325658610.0
2020-12-31,012610,68563553950.0,260748524230.0,329312078180.0
2023-12-31,009140,6039159840.0,15097101900.0,21136261740.0
2022-12-31,009140,5258650830.0,14799264960.0,20057915790.0
2021-12-31,009140,6756813800.0,20633854840.0,27390668640.0
2020-12-31,009140,4886153120.0,15909585350.0,20795738470.0
2022-12-31,013580,268927252910.0,2680752997090.0,2949680250000.0
2021-12-31,013580,335875692960.0,2225925719040.0,2561801412000.0
2020-12-31,013580,278512914660.0,1921448993520.0,2199961908180.0
2023-12-31,012200,53529341290.0,328104788700.0,381634129990.0
2022-12-31,012200,48945592920.0,316129510260.0,365075103180.0
2021-12-31,012200,59382166600.0,320792544250.0,380174710850.0
2020-12-31,012200,58974199120.0,320707190690.0,379681389810.0
2023-12-31,012205,53529341290.0,328104788700.0,381634129990.0
2022-12-31,012205,48945592920.0,316129510260.0,365075103180.0
2021-12-31,012205,59382166600.0,320792544250.0,380174710850.0
2020-12-31,012205,58974199120.0,320707190690.0,379681389810.0
2023-12-31,002140,42606929710.0,276451688940.0,319058618650.0
2022-12-31,002140,31622108700.0,246748568540.0,278370677240.0
2021-12-31,002140,32742166390.0,180744385100.0,213486551490.0
2020-12-31,002140,33756512580.0,156748044760.0,190504557340.0
2023-12-31,010130,961945066310.0,8742576276710.0,9704521343020.0
2022-12-31,010130,1168955136700.0,10050403463400.0,11219358600100.0
2021-12-31,010130,1256298732020.0,8720477711610.0,9976776443630.0
2020-12-31,010130,1035153417970.0,6546773440470.0,7581926858440.0
2022-12-31,002240,302087594060.0,1770462629070.0,2072550223130.0
2021-12-31,002240,258274080740.0,1433080796350.0,1691354877090.0
2020-12-31,002240,164389999400.0,1232982010500.0,1397372009900.0
2022-12-31,009290,282047726610.0,1149497528520.0,1431545255130.0
2021-12-31,009290,274252688220.0,1063928866100.0,1338181554320.0
2020-12-31,009290,257708535760.0,986061060460.0,1243769596220.0
2022-12-31,017040,11457914550.0,126781441360.0,138239355910.0
2021-12-31,017040,9480662940.0,127612107080.0,137092770020.0
2020-12-31,017040,11255770370.0,112292554150.0,123548324520.0
2023-12-31,017900,12446755380.0,113258524250.0,125705279630.0
2022-12-31,017900,23604802330.0,128596269690.0,152201072020.0
2021-12-31,017900,28836569720.0,144937105410.0,173773675130.0
2020-12-31,017900,15511088760.0,134661478050.0,150172566810.0
2023-12-31,037710,163025399790.0,16561418070.0,179586817860.0
2022-12-31,037710,169412018560.0,15461936690.0,184873955250.0
2021-12-31,037710,154707529830.0,15264091420.0,169971621250.0
2020-12-31,037710,131552826950.0,15955627330.0,147508454280.0
2022-12-31,339770,89345947300.0,428111510580.0,517457457880.0
2021-12-31,339770,110337815140.0,397290400300.0,507628215440.0
2020-12-31,339770,102514913630.0,345113285280.0,447628198910.0
2023-12-31,007690,161242364910.0,901112132060.0,1062354496970.0
2022-12-31,007690,279926780360.0,1321847396310.0,1601774176670.0
2021-12-31,007690,367023008840.0,1210088737880.0,1577111746720.0
2020-12-31,007690,137394077430.0,995265617430.0,1132659694860.0
2022-12-31,005320,46146939940.0,283729727250.0,329876667190.0
2021-12-31,005320,24191894640.0,201884768320.0,226076662960.0
2020-12-31,005320,66824537110.0,186596506920.0,253421044030.0
2022-12-31,001140,28899789500.0,73355267170.0,102255056670.0
2021-12-31,001140,27743877380.0,69105725860.0,96849603240.0
2020-12-31,001140,31493241600.0,78435499060.0,109928740660.0
2022-12-31,002720,63254132590.0,63329270340.0,126583402930.0
2021-12-31,002720,54470314720.0,65275254010.0,119745568730.0
2020-12-31,002720,64804646050.0,65590074740.0,130394720790.0
2023-12-31,083420,17853650080.0,264492112110.0,282345762190.0
2022-12-31,083420,30937749360.0,293989606990.0,324927356350.0
2021-12-31,083420,31895032680.0,254329237500.0,286224270180.0
2020-12-31,083420,23202845980.0,219195155140.0,242398001120.0
2022-12-31,014530,67344549330.0,1175131286120.0,1242475835450.0
2021-12-31,014530,52082819770.0,912748922780.0,964831742550.0
2020-12-31,014530,41941829520.0,580919345390.0,622861174910.0
2023-12-31,014280,158067345710.0,698825354800.0,856892700510.0
2022-12-31,014280,110346459630.0,618585240800.0,728931700430.0
2021-12-31,014280,96484228680.0,474051303850.0,570535532530.0
2020-12-31,014280,69271507660.0,432661800220.0,501933307880.0
2023-12-31,014285,158067345710.0,698825354800.0,856892700510.0
2022-12-31,014285,110346459630.0,618585240800.0,728931700430.0
2021-12-31,014285,96484228680.0,474051303850.0,570535532530.0
2020-12-31,014285,69271507660.0,432661800220.0,501933307880.0
2023-09-30,008870,35820633330.0,215137638700.0,250958272030.0
2022-09-30,008870,29162359060.0,205790033770.0,234952392830.0
2021-09-30,008870,42728232110.0,185852942330.0,228581174440.0
2020-09-30,008870,42857220910.0,176401174450.0,219258395360.0
2022-12-31,001570,54364834120.0,158770933950.0,213135768070.0
2021-12-31,001570,41963188610.0,175619843330.0,217583031940.0
2020-12-31,001570,31266623960.0,144903187130.0,176169811090.0
2022-12-31,002990,138187883680.0,1910319291160.0,2048507174840.0
2021-12-31,002990,191596048880.0,1873480166510.0,2065076215390.0
2020-12-31,002990,150272758480.0,1679306306450.0,1829579064930.0
2022-12-31,002995,138187883680.0,1910319291160.0,2048507174840.0
2021-12-31,002995,191596048880.0,1873480166510.0,2065076215390.0
2020-12-31,002995,150272758480.0,1679306306450.0,1829579064930.0
2023-12-31,011780,645865924900.0,5676662262880.0,6322528187780.0
2022-12-31,011780,1426394314450.0,6549231666570.0,7975625981020.0
2021-12-31,011780,2698106050770.0,5763735449520.0,8461841500290.0
2020-12-31,011780,950769144310.0,3858766763450.0,4809535907760.0
2023-12-31,011785,645865924900.0,5676662262880.0,6322528187780.0
2022-12-31,011785,1426394314450.0,6549231666570.0,7975625981020.0
2021-12-31,011785,2698106050770.0,5763735449520.0,8461841500290.0
2020-12-31,011785,950769144310.0,3858766763450.0,4809535907760.0
2023-12-31,214330,31954978680.0,332365472180.0,364320450860.0
2022-12-31,214330,28899284520.0,248871068710.0,277770353230.0
2021-12-31,214330,21255778210.0,212729788960.0,233985567170.0
2020-12-31,214330,6816465740.0,212816091710.0,219632557450.0
2022-12-31,001210,9868450400.0,36146642750.0,46015093150.0
2021-12-31,001210,9600205320.0,32040392360.0,41640597680.0
2020-12-31,001210,12703140480.0,32299097260.0,45002237740.0
2022-12-31,073240,604384878810.0,2954773583030.0,3559158461840.0
2021-12-31,073240,462909097290.0,2138314118650.0,2601223215940.0
2020-12-31,073240,472437934770.0,1698239370610.0,2170677305380.0
2023-03-31,092440,21608486470.0,122832370930.0,144440857400.0
2022-03-31,092440,23254538770.0,108075353720.0,131329892490.0
2021-03-31,092440,26303832650.0,102155833780.0,128459666430.0
2020-03-31,092440,23179024460.0,101470525080.0,124649549540.0
2023-12-31,000270,22628847000000.0,77179573000000.0,99808420000000.0
2022-12-31,000270,18023019000000.0,68536010000000.0,86559029000000.0
2021-12-31,000270,12925201000000.0,56937165000000.0,69862366000000.0
2020-12-31,000270,9945532000000.0,49222564000000.0,59168096000000.0
2022-12-31,013700,-3593119830.0,198733607090.0,195140487260.0
2021-12-31,013700,9614605770.0,154071996280.0,163686602050.0
2020-12-31,013700,13027847210.0,148701070610.0,161728917820.0
2022-12-31,004540,79081723830.0,527372019640.0,606453743470.0
2021-12-31,004540,92143068880.0,486600856160.0,578743925040.0
2020-12-31,004540,127893338570.0,463672902140.0,591566240710.0
2022-12-31,004545,79081723830.0,527372019640.0,606453743470.0
2021-12-31,004545,92143068880.0,486600856160.0,578743925040.0
2020-12-31,004545,127893338570.0,463672902140.0,591566240710.0
2022-12-31,001260,35335545790.0,415043906540.0,450379452330.0
2021-12-31,001260,41088988830.0,315651030860.0,356740019690.0
2020-12-31,001260,34080264680.0,203881235460.0,237961500140.0
2022-12-31,008350,18072328240.0,237667971730.0,255740299970.0
2021-12-31,008350,14378918240.0,215964618350.0,230343536590.0
2020-12-31,008350,19128455860.0,249346330130.0,268474785990.0
2022-12-31,008355,18072328240.0,237667971730.0,255740299970.0
2021-12-31,008355,14378918240.0,215964618350.0,230343536590.0
2020-12-31,008355,19128455860.0,249346330130.0,268474785990.0
2022-12-31,004270,26453069360.0,71684103070.0,98137172430.0
2021-12-31,004270,28495479460.0,73824811470.0,102320290930.0
2020-12-31,004270,19119433130.0,73414127830.0,92533560960.0
2022-12-31,003920,150095323610.0,814564682760.0,964660006370.0
2021-12-31,003920,150597418670.0,805486611200.0,956084029870.0
2020-12-31,003920,170431736420.0,778494674440.0,948926410860.0
2022-12-31,003925,150095323610.0,814564682760.0,964660006370.0
2021-12-31,003925,150597418670.0,805486611200.0,956084029870.0
2020-12-31,003925,170431736420.0,778494674440.0,948926410860.0
2022-12-31,025860,174164728050.0,1995401142470.0,2169565870520.0
2021-12-31,025860,120863978550.0,1331020428730.0,1451884407280.0
2020-12-31,025860,116718870540.0,893126377680.0,1009845248220.0
2022-12-31,005720,504978581140.0,2498971425080.0,3003950006220.0
2021-12-31,005720,508703606110.0,1895177664880.0,2403881270990.0
2020-12-31,005720,497495402320.0,1471040970670.0,1968536372990.0
2022-12-31,005725,504978581140.0,2498971425080.0,3003950006220.0
2021-12-31,005725,508703606110.0,1895177664880.0,2403881270990.0
2020-12-31,005725,497495402320.0,1471040970670.0,1968536372990.0
2022-12-31,002350,431530855360.0,2165893631130.0,2597424486490.0
2021-12-31,002350,439604100660.0,1639802928930.0,2079407029590.0
2020-12-31,002350,438324086260.0,1259803719140.0,1698127805400.0
2022-12-31,002355,431530855360.0,2165893631130.0,2597424486490.0
2021-12-31,002355,439604100660.0,1639802928930.0,2079407029590.0
2020-12-31,002355,438324086260.0,1259803719140.0,1698127805400.0
2022-12-31,092790,262748233120.0,405655416690.0,668403649810.0
2021-12-31,092790,107797831520.0,316920716540.0,424718548060.0
2023-12-31,251270,2502055599770.0,2502055599770.0
2022-12-31,251270,2673408275830.0,2673408275830.0
2021-12-31,251270,2506906374110.0,2506906374110.0
2020-12-31,251270,2484764985890.0,2484764985890.0
2022-12-31,090350,138285580250.0,614969629630.0,753255209880.0
2021-12-31,090350,132053174660.0,598878501760.0,730931676420.0
2020-12-31,090350,146683456550.0,496251740140.0,642935196690.0
2022-12-31,090355,138285580250.0,614969629630.0,753255209880.0
2021-12-31,090355,132053174660.0,598878501760.0,730931676420.0
2020-12-31,090355,146683456550.0,496251740140.0,642935196690.0
2022-12-31,000320,210736659950.0,827162910240.0,1037899570190.0
2021-12-31,000320,188607072230.0,766606951370.0,955214023600.0
2020-12-31,000320,205442213330.0,642585277440.0,848027490770.0
2022-12-31,000325,210736659950.0,827162910240.0,1037899570190.0
2021-12-31,000325,188607072230.0,766606951370.0,955214023600.0
2020-12-31,000325,205442213330.0,642585277440.0,848027490770.0
2022-12-31,006280,581804463260.0,1129508276270.0,1711312739530.0
2021-12-31,006280,520593271960.0,1017232478290.0,1537825750250.0
2020-12-31,006280,440626609400.0,1063488669250.0,1504115278650.0
2022-12-31,005250,698336717330.0,1381223253670.0,2079559971000.0
2021-12-31,005250,628541184370.0,1212017418630.0,1840558603000.0
2020-12-31,005250,530290891280.0,1189034758720.0,1719325650000.0
2022-12-31,005257,698336717330.0,1381223253670.0,2079559971000.0
2021-12-31,005257,628541184370.0,1212017418630.0,1840558603000.0
2020-12-31,005257,530290891280.0,1189034758720.0,1719325650000.0
2023-12-31,004370,1035239667910.0,2375319699340.0,3410559367250.0
2022-12-31,004370,899562575000.0,2229502633080.0,3129065208080.0
2021-12-31,004370,818112081260.0,1844870906950.0,2662982988210.0
2020-12-31,004370,837195760800.0,1802599872540.0,2639795633340.0
2022-12-31,072710,105924514730.0,568654686670.0,674579201400.0
2021-12-31,072710,102781204990.0,538714380630.0,641495585620.0
2020-12-31,072710,116678661100.0,466896072490.0,583574733590.0
2022-12-31,058730,41671100140.0,336810355170.0,378481455310.0
2021-12-31,058730,33472974240.0,330127194950.0,363600169190.0
2020-12-31,058730,14659330840.0,209819177890.0,224478508730.0
2022-12-31,023590,1306707249070.0,7903903064010.0,9210610313080.0
2021-12-31,023590,1846497576340.0,4240482825550.0,6086980401890.0
2020-12-31,023590,1485566130020.0,3247368973960.0,4732935103980.0
2022-12-31,145210,3876245460.0,54322726960.0,58198972420.0
2021-12-31,145210,-1107231130.0,53761117620.0,52653886490.0
2020-12-31,145210,7002364500.0,69781488740.0,76783853240.0
2022-12-31,019680,101739284560.0,581337059180.0,683076343740.0
2021-12-31,019680,92574023120.0,545820729430.0,638394752550.0
2020-12-31,019680,84287573950.0,542718015870.0,627005589820.0
2022-12-31,019685,101739284560.0,581337059180.0,683076343740.0
2021-12-31,019685,92574023120.0,545820729430.0,638394752550.0
2020-12-31,019685,84287573950.0,542718015870.0,627005589820.0
2022-12-31,006370,43502451350.0,32397262000.0,75899713350.0
2021-12-31,006370,48310762560.0,33483329000.0,81794091560.0
2020-12-31,006370,52703774910.0,38405820000.0,91109594910.0
2022-12-31,008060,323615577310.0,1338291391900.0,1661906969210.0
2021-12-31,008060,162573563690.0,1209135318720.0,1371708882410.0
2020-12-31,008060,3362592760.0,,3362592760.0
2022-12-31,00806K,323615577310.0,1338291391900.0,1661906969210.0
2021-12-31,00806K,162573563690.0,1209135318720.0,1371708882410.0
2020-12-31,00806K,3362592760.0,,3362592760.0
2022-12-31,353200,296851516500.0,1019311903750.0,1316163420250.0
2021-12-31,353200,117649521170.0,883281997610.0,1000931518780.0
2020-12-31,353200,37333612130.0,573586291190.0,610919903320.0
2022-12-31,35320K,296851516500.0,1019311903750.0,1316163420250.0
2021-12-31,35320K,117649521170.0,883281997610.0,1000931518780.0
2020-12-31,35320K,37333612130.0,573586291190.0,610919903320.0
2022-12-31,000490,313711362480.0,1150026567240.0,1463737929720.0
2021-12-31,000490,216387049900.0,962806271910.0,1179193321810.0
2020-12-31,000490,178557931500.0,717193492940.0,895751424440.0
2023-03-31,008110,12679036970.0,28603830470.0,41282867440.0
2022-03-31,008110,10370634270.0,33250937920.0,43621572190.0
2021-03-31,008110,10676634320.0,29130124940.0,39806759260.0
2020-03-31,008110,10179485250.0,34833190630.0,45012675880.0
2022-12-31,005750,42090025580.0,211400927450.0,253490953030.0
2021-12-31,005750,49599827130.0,210759595120.0,260359422250.0
2020-12-31,005750,46007684690.0,186357942620.0,232365627310.0
2022-12-31,006570,34089268900.0,140022993490.0,174112262390.0
2021-12-31,006570,26223968890.0,129005150310.0,155229119200.0
2020-12-31,006570,19927409100.0,136644353050.0,156571762150.0
2023-12-31,001680,1019013836410.0,3088480107390.0,4107493943800.0
2022-12-31,001680,970337484180.0,3113752793390.0,4084090277570.0
2021-12-31,001680,883203177250.0,2586789345570.0,3469992522820.0
2020-12-31,001680,847089311770.0,2266114356350.0,3113203668120.0
2023-12-31,001685,1019013836410.0,3088480107390.0,4107493943800.0
2022-12-31,001685,970337484180.0,3113752793390.0,4084090277570.0
2021-12-31,001685,883203177250.0,2586789345570.0,3469992522820.0
2020-12-31,001685,847089311770.0,2266114356350.0,3113203668120.0
2023-12-31,084690,1255980952730.0,4003419477410.0,5259400430140.0
2022-12-31,084690,1199435807360.0,4027224012710.0,5226659820070.0
2021-12-31,084690,1112714824860.0,3093254356880.0,4205969181740.0
2020-12-31,084690,1052242883000.0,2702056078400.0,3754298961400.0
2023-12-31,084695,1255980952730.0,4003419477410.0,5259400430140.0
2022-12-31,084695,1199435807360.0,4027224012710.0,5226659820070.0
2021-12-31,084695,1112714824860.0,3093254356880.0,4205969181740.0
2020-12-31,084695,1052242883000.0,2702056078400.0,3754298961400.0
2022-12-31,128820,171650111180.0,1699655673790.0,1871305784970.0
2021-12-31,128820,133652296950.0,995481363030.0,1129133659980.0
2020-12-31,128820,103250340050.0,729132561900.0,832382901950.0
2023-12-31,117580,134529002440.0,865004746800.0,999533749240.0
2022-12-31,117580,113951646900.0,906984807030.0,1020936453930.0
2021-12-31,117580,122917006080.0,647523980430.0,770440986510.0
2020-12-31,117580,129491545210.0,613699028090.0,743190573300.0
2022-12-31,016710,144435072200.0,1108734845490.0,1253169917690.0
2021-12-31,016710,151946047240.0,786639160720.0,938585207960.0
2020-12-31,016710,146620175030.0,737682497130.0,884302672160.0
2022-12-31,009190,25839121240.0,229128528050.0,254967649290.0
2021-12-31,009190,22192025800.0,181231875830.0,203423901630.0
2020-12-31,009190,6242702730.0,134252781160.0,140495483890.0
2022-12-31,014160,39708534240.0,262845512150.0,302554046390.0
2021-12-31,014160,40206300690.0,255557390490.0,295763691180.0
2020-12-31,014160,33422755820.0,227283630660.0,260706386480.0
2022-12-31,047040,1253693377280.0,9165519754850.0,10419213132130.0
2021-12-31,047040,1238864576900.0,7446343102760.0,8685207679660.0
2020-12-31,047040,1000291061310.0,7136414675330.0,8136705736640.0
2022-12-31,009320,7933125420.0,92568808840.0,100501934260.0
2021-12-31,009320,13031387740.0,86152275460.0,99183663200.0
2020-12-31,009320,8071616660.0,67877230580.0,75948847240.0
2023-12-31,003090,931247087120.0,882594375000.0,1813841462120.0
2022-12-31,003090,899651918580.0,797686564000.0,1697338482580.0
2021-12-31,003090,762999930810.0,748373650000.0,1511373580810.0
2020-12-31,003090,626457188750.0,728880198000.0,1355337386750.0
2023-12-31,069620,608213081460.0,613737994610.0,1221951076070.0
2022-12-31,069620,638957559840.0,641134291170.0,1280091851010.0
2021-12-31,069620,544573038660.0,608402659510.0,1152975698170.0
2020-12-31,069620,446941721910.0,608481968090.0,1055423690000.0
2023-12-31,000430,130436749250.0,976320112940.0,1106756862190.0
2022-12-31,000430,88078352480.0,936372146300.0,1024450498780.0
2021-12-31,000430,64160028460.0,798062768420.0,862222796880.0
2020-12-31,000430,72527676260.0,788703283410.0,861230959670.0
2023-12-31,006340,27157081040.0,488244827350.0,515401908390.0
2022-12-31,006340,15426897960.0,547001160310.0,562428058270.0
2021-12-31,006340,13071858340.0,461906628360.0,474978486700.0
2020-12-31,006340,14668013320.0,352645096590.0,367313109910.0
2023-12-31,006345,27157081040.0,488244827350.0,515401908390.0
2022-12-31,006345,15426897960.0,547001160310.0,562428058270.0
2021-12-31,006345,13071858340.0,461906628360.0,474978486700.0
2020-12-31,006345,14668013320.0,352645096590.0,367313109910.0
2023-12-31,003220,257247325090.0,269704719970.0,526952045060.0
2022-12-31,003220,237941998910.0,240942657450.0,478884656360.0
2021-12-31,003220,176467893510.0,177708541650.0,354176435160.0
2020-12-31,003220,165937288220.0,142563727640.0,308501015860.0
2022-12-31,024890,16763556690.0,130041626810.0,146805183500.0
2021-12-31,024890,13633147070.0,99705931210.0,113339078280.0
2020-12-31,024890,17386626640.0,91400690180.0,108787316820.0
2022-12-31,002880,201534228990.0,1202433066310.0,1403967295300.0
2021-12-31,002880,264936799980.0,1304770641310.0,1569707441290.0
2020-12-31,002880,239655378160.0,1227248869590.0,1466904247750.0
2022-12-31,000300,66501710700.0,470175042720.0,536676753420.0
2021-12-31,000300,44534709560.0,419992313290.0,464527022850.0
2020-12-31,000300,50734844190.0,402193558550.0,452928402740.0
2022-12-31,012800,53502075990.0,1387770420010.0,1441272496000.0
2021-12-31,012800,103918692360.0,1173717019890.0,1277635712250.0
2020-12-31,012800,59335171200.0,874225316730.0,933560487930.0
2022-12-31,015230,80483362950.0,341014294880.0,421497657830.0
2021-12-31,015230,55552636180.0,298887025610.0,354439661790.0
2020-12-31,015230,39209565620.0,225262666070.0,264472231690.0
2023-12-31,001070,17021486230.0,132382494920.0,149403981150.0
2022-12-31,001070,13428969060.0,178090722210.0,191519691270.0
2021-12-31,001070,18304973080.0,182067931530.0,200372904610.0
2020-12-31,001070,15344684520.0,159902043640.0,175246728160.0
2023-12-31,006650,-11599137430.0,2511571765370.0,2499972627940.0
2022-12-31,006650,-171750118130.0,2393821096050.0,2222070977920.0
2021-12-31,006650,227130258670.0,2287721342840.0,2514851601510.0
2020-12-31,006650,215443453140.0,1667289922540.0,1882733375680.0
2022-12-31,001440,138379085000.0,2312166890000.0,2450545975000.0
2021-12-31,001440,124776977000.0,1872932579000.0,1997709556000.0
2020-12-31,001440,129406676000.0,1467435073000.0,1596841749000.0
2023-12-31,084010,177006278180.0,1270825748250.0,1447832026430.0
2022-12-31,084010,294032470440.0,1847583831300.0,2141616301740.0
2021-12-31,084010,273165713360.0,1757139580210.0,2030305293570.0
2020-12-31,084010,135562495850.0,960572319350.0,1096134815200.0
2023-12-31,001790,139243632000.0,1193106252000.0,1332349884000.0
2022-12-31,001790,131636543000.0,1246438976000.0,1378075519000.0
2021-12-31,001790,135886904000.0,1125462429000.0,1261349333000.0
2020-12-31,001790,148891708000.0,1065560523000.0,1214452231000.0
2023-12-31,001795,139243632000.0,1193106252000.0,1332349884000.0
2022-12-31,001795,131636543000.0,1246438976000.0,1378075519000.0
2021-12-31,001795,135886904000.0,1125462429000.0,1261349333000.0
2020-12-31,001795,148891708000.0,1065560523000.0,1214452231000.0
2023-12-31,001130,258109550080.0,1183348997430.0,1441458547510.0
2022-12-31,001130,228153737180.0,1140016314250.0,1368170051430.0
2021-12-31,001130,198239437420.0,913102296710.0,1111341734130.0
2020-12-31,001130,186896860000.0,783351408170.0,970248268170.0
2023-12-31,003490,3261494229240.0,12850301876900.0,16111796106140.0
2022-12-31,003490,3850654388610.0,10245440430530.0,14096094819140.0
2021-12-31,003490,2104777576360.0,6912047063940.0,9016824640300.0
2020-12-31,003490,760426714270.0,6850104202000.0,7610530916270.0
2023-12-31,003495,3261494229240.0,12850301876900.0,16111796106140.0
2022-12-31,003495,3850654388610.0,10245440430530.0,14096094819140.0
2021-12-31,003495,2104777576360.0,6912047063940.0,9016824640300.0
2020-12-31,003495,760426714270.0,6850104202000.0,7610530916270.0
2022-12-31,005880,340527617420.0,1271486846760.0,1612014464180.0
2021-12-31,005880,266757636660.0,887085422780.0,1153843059440.0
2020-12-31,005880,203664504320.0,680413765020.0,884078269340.0
2022-12-31,003830,14574453650.0,136289758610.0,150864212260.0
2021-12-31,003830,11063834030.0,106283040630.0,117346874660.0
2020-12-31,003830,9376879150.0,77516379920.0,86893259070.0
2022-12-31,016090,186480022940.0,132825256650.0,319305279590.0
2021-12-31,016090,163266437000.0,124630004050.0,287896441050.0
2020-12-31,016090,132963555780.0,120235389840.0,253198945620.0
2022-12-31,069460,14622022580.0,159414718160.0,174036740740.0
2021-12-31,069460,8698162660.0,134703595610.0,143401758270.0
2020-12-31,069460,6602277310.0,114824164210.0,121426441520.0
2022-12-31,192080,617262019510.0,617262019510.0
2021-12-31,192080,624060773470.0,624060773470.0
2020-12-31,192080,658175938520.0,658175938520.0
2023-12-31,012510,152780258080.0,200782369090.0,353562627170.0
2022-12-31,012510,119934378260.0,184368563000.0,304302941260.0
2021-12-31,012510,142357944120.0,176389041500.0,318746985620.0
2020-12-31,012510,169302166660.0,137153466320.0,306455632980.0
2022-12-31,004830,19363540030.0,113934239300.0,133297779330.0
2021-12-31,004830,16288660150.0,98888203390.0,115176863540.0
2020-12-31,004830,17715727170.0,99966564480.0,117682291650.0
2022-12-31,004835,19363540030.0,113934239300.0,133297779330.0
2021-12-31,004835,16288660150.0,98888203390.0,115176863540.0
2020-12-31,004835,17715727170.0,99966564480.0,117682291650.0
2022-12-31,024900,56407900340.0,1485618343970.0,1542026244310.0
2021-12-31,024900,28377203110.0,1319859711620.0,1348236914730.0
2020-12-31,024900,17404868710.0,1274620119490.0,1292024988200.0
2022-12-31,145720,260676210250.0,95189764790.0,355865975040.0
2021-12-31,145720,193153820450.0,98375867020.0,291529687470.0
2020-12-31,145720,142797046530.0,86952384790.0,229749431320.0
2023-12-31,002150,574990699820.0,574990699820.0
2022-12-31,002150,555824251950.0,555824251950.0
2021-12-31,002150,577392660230.0,577392660230.0
2020-12-31,002150,574922988730.0,574922988730.0
2023-12-31,460850,74128348400.0,1192020721880.0,1266149070280.0
2023-12-31,460860,404052211840.0,2228051917460.0,2632104129300.0
2022-12-31,001230,1169007254640.0,7342119028440.0,8511126283080.0
2021-12-31,001230,1161130955960.0,6079165575140.0,7240296531100.0
2020-12-31,001230,596351218160.0,4609840343150.0,5206191561310.0
2023-12-31,023450,17295068540.0,149426692920.0,166721761460.0
2022-12-31,023450,22397173800.0,171003523690.0,193400697490.0
2021-12-31,023450,22944149960.0,137351823340.0,160295973300.0
2020-12-31,023450,21215634710.0,103712693350.0,124928328060.0
2022-12-31,004140,88576778610.0,669956503230.0,758533281840.0
2021-12-31,004140,78274995540.0,517672338610.0,595947334150.0
2020-12-31,004140,72498395640.0,519556089510.0,592054485150.0
2023-12-31,007590,47500527850.0,116774798250.0,164275326100.0
2022-12-31,007590,39409997090.0,107312851510.0,146722848600.0
2021-12-31,007590,37472802990.0,96593131150.0,134065934140.0
2020-12-31,007590,37100118450.0,92421566640.0,129521685090.0
2022-12-31,005960,137524781930.0,1323684165400.0,1461208947330.0
2021-12-31,005960,140093543800.0,1004779279800.0,1144872823600.0
2020-12-31,005960,114356555190.0,1057851549320.0,1172208104510.0
2022-12-31,005965,137524781930.0,1323684165400.0,1461208947330.0
2021-12-31,005965,140093543800.0,1004779279800.0,1144872823600.0
2020-12-31,005965,114356555190.0,1057851549320.0,1172208104510.0
2023-12-31,026960,86343986810.0,403351554750.0,489695541560.0
2022-12-31,026960,81736629160.0,474749979550.0,556486608710.0
2021-12-31,026960,78994725060.0,456332594180.0,535327319240.0
2020-12-31,026960,82167076640.0,410873645660.0,493040722300.0
2022-12-31,002210,42055439990.0,51272754840.0,93328194830.0
2021-12-31,002210,33543644620.0,50864013160.0,84407657780.0
2020-12-31,002210,34149223280.0,53650703820.0,87799927100.0
2022-12-31,102260,145559519870.0,994564100060.0,1140123619930.0
2021-12-31,102260,137151070850.0,788827449190.0,925978520040.0
2020-12-31,102260,164987977820.0,699021890280.0,864009868100.0
2022-12-31,000640,294385588720.0,720475309230.0,1014860897950.0
2021-12-31,000640,281483972310.0,600460111720.0,881944084030.0
2020-12-31,000640,261984965340.0,521330697130.0,783315662470.0
2022-12-31,170900,315392083990.0,320000598740.0,635392682730.0
2021-12-31,170900,293876032060.0,299351883680.0,593227915740.0
2020-12-31,170900,284340895110.0,302387231860.0,586728126970.0
2022-12-31,028100,-19939858070.0,286222638350.0,266282780280.0
2021-12-31,028100,15243976000.0,274238400720.0,289482376720.0
2020-12-31,028100,12664779660.0,301982966850.0,314647746510.0
2023-12-31,282690,25962870520.0,141670268380.0,167633138900.0
2022-12-31,282690,34748686320.0,170995461230.0,205744147550.0
2021-12-31,282690,22644796870.0,156910676270.0,179555473140.0
2020-12-31,282690,23766653620.0,119398927290.0,143165580910.0
2022-12-31,001520,82523508650.0,685158028940.0,767681537590.0
2021-12-31,001520,80457914130.0,619111544040.0,699569458170.0
2020-12-31,001520,64260227740.0,538679702210.0,602939929950.0
2022-12-31,001527,82523508650.0,685158028940.0,767681537590.0
2021-12-31,001527,80457914130.0,619111544040.0,699569458170.0
2020-12-31,001527,64260227740.0,538679702210.0,602939929950.0
2022-12-31,084670,-968633670.0,105397648450.0,104429014780.0
2021-12-31,084670,-12392869620.0,93568795060.0,81175925440.0
2020-12-31,084670,-12056669820.0,95597957070.0,83541287250.0
2022-12-31,001525,82523508650.0,685158028940.0,767681537590.0
2021-12-31,001525,80457914130.0,619111544040.0,699569458170.0
2020-12-31,001525,64260227740.0,538679702210.0,602939929950.0
2022-12-31,008970,27248245330.0,238923433960.0,266171679290.0
2021-12-31,008970,11637594720.0,170383610530.0,182021205250.0
2020-12-31,008970,27103021630.0,146719437620.0,173822459250.0
2022-12-31,092780,40719016910.0,357164080840.0,397883097750.0
2021-12-31,092780,39402880430.0,315187645600.0,354590526030.0
2020-12-31,092780,37853948760.0,283695138470.0,321549087230.0
2022-12-31,049770,865279656650.0,3158297937320.0,4023577593970.0
2021-12-31,049770,797924793270.0,2692698463520.0,3490623256790.0
2020-12-31,049770,720725980920.0,2449533285600.0,3170259266520.0
2023-03-31,018500,110825497650.0,427814741770.0,538640239420.0
2022-03-31,018500,64056467150.0,323312212650.0,387368679800.0
2021-03-31,018500,47694854770.0,321796137420.0,369490992190.0
2020-03-31,018500,76635963600.0,380002477620.0,456638441220.0
2022-12-31,006040,1491703150390.0,7534555217090.0,9026258367480.0
2021-12-31,006040,1446634650950.0,6156365008560.0,7602999659510.0
2020-12-31,006040,493904643230.0,2363426663170.0,2857331306400.0
2023-12-31,030720,-4284463960.0,146229366140.0,141944902180.0
2022-12-31,030720,21301837860.0,155737003090.0,177038840950.0
2021-12-31,030720,19635860070.0,124983228950.0,144619089020.0
2020-12-31,030720,11876848170.0,133493891090.0,145370739260.0
2022-12-31,014820,162796976710.0,1274202474850.0,1436999451560.0
2021-12-31,014820,155595061210.0,1095287209100.0,1250882270310.0
2020-12-31,014820,152915888050.0,925623655940.0,1078539543990.0
2022-12-31,014825,162796976710.0,1274202474850.0,1436999451560.0
2021-12-31,014825,155595061210.0,1095287209100.0,1250882270310.0
2020-12-31,014825,152915888050.0,925623655940.0,1078539543990.0
2022-12-31,111380,77558185570.0,173031035320.0,250589220890.0
2021-12-31,111380,45479876770.0,122903015810.0,168382892580.0
2023-12-31,163560,52298563880.0,305477842540.0,357776406420.0
2022-12-31,163560,72905892230.0,317533957580.0,390439849810.0
2021-12-31,163560,46346056790.0,231166476470.0,277512533260.0
2020-12-31,163560,45131284970.0,198050516740.0,243181801710.0
2023-12-31,004890,14918976910.0,426242284250.0,441161261160.0
2022-12-31,004890,43701248220.0,454349266770.0,498050514990.0
2021-12-31,004890,63328108690.0,401091049130.0,464419157820.0
2020-12-31,004890,18014875900.0,315268431350.0,333283307250.0
2022-12-31,002690,9327684490.0,187429930890.0,196757615380.0
2021-12-31,002690,14593913870.0,167641860000.0,182235773870.0
2020-12-31,002690,5894298750.0,117018321460.0,122912620210.0
2022-12-31,000020,180990260030.0,159436067270.0,340426327300.0
2021-12-31,000020,149346987730.0,143671124290.0,293018112020.0
2020-12-31,000020,138665954310.0,133409429490.0,272075383800.0
2022-12-31,000150,2838047017240.0,14157713085770.0,16995760103010.0
2021-12-31,000150,2206916966530.0,10644568825480.0,12851485792010.0
2020-12-31,000150,1480907625080.0,9947641536350.0,11428549161430.0
2022-12-31,000157,2838047017240.0,14157713085770.0,16995760103010.0
2021-12-31,000157,2206916966530.0,10644568825480.0,12851485792010.0
2020-12-31,000157,1480907625080.0,9947641536350.0,11428549161430.0
2022-12-31,454910,14243534500.0,30710139900.0,44953674400.0
2021-12-31,454910,11382378090.0,25597845060.0,36980223150.0
2020-12-31,454910,4449605830.0,15714402410.0,20164008240.0
2022-12-31,241560,1948516210000.0,6673395662000.0,8621911872000.0
2021-12-31,241560,1233644789000.0,4582555180000.0,5816199969000.0
2020-12-31,241560,889848268000.0,3392209379000.0,4282057647000.0
2022-12-31,034020,2555877339900.0,12865180742480.0,15421058082380.0
2021-12-31,034020,1833756050630.0,9157134165220.0,10990890215850.0
2020-12-31,034020,1039736451380.0,8131775775060.0,9171512226440.0
2022-12-31,000155,2838047017240.0,14157713085770.0,16995760103010.0
2021-12-31,000155,2206916966530.0,10644568825480.0,12851485792010.0
2020-12-31,000155,1480907625080.0,9947641536350.0,11428549161430.0
2022-12-31,336260,44678958590.0,267469762220.0,312148720810.0
2021-12-31,336260,48201574640.0,333210773170.0,381412347810.0
2020-12-31,336260,50623249330.0,411215732700.0,461838982030.0
2022-12-31,33626K,44678958590.0,267469762220.0,312148720810.0
2021-12-31,33626K,48201574640.0,333210773170.0,381412347810.0
2020-12-31,33626K,50623249330.0,411215732700.0,461838982030.0
2022-12-31,33626L,44678958590.0,267469762220.0,312148720810.0
2021-12-31,33626L,48201574640.0,333210773170.0,381412347810.0
2020-12-31,33626L,50623249330.0,411215732700.0,461838982030.0
2022-12-31,016740,79917243390.0,486078794660.0,565996038050.0
2021-12-31,016740,87640012220.0,407992633980.0,495632646200.0
2020-12-31,016740,76096111750.0,389739442720.0,465835554470.0
2022-12-31,192650,182308768080.0,1186334764290.0,1368643532370.0
2021-12-31,192650,165290150190.0,1066333140410.0,1231623290600.0
2020-12-31,192650,83981892640.0,870677565480.0,954659458120.0
2023-12-31,024090,19636768910.0,198621900620.0,218258669530.0
2022-12-31,024090,35223176680.0,205381026670.0,240604203350.0
2021-12-31,024090,44863049850.0,205966010020.0,250829059870.0
2020-12-31,024090,22725109390.0,142651286060.0,165376395450.0
2023-12-31,003160,59550486510.0,154991448350.0,214541934860.0
2022-12-31,003160,65753175670.0,165251192660.0,231004368330.0
2021-12-31,003160,65816623240.0,160750737770.0,226567361010.0
2020-12-31,003160,50390119920.0,111867417530.0,162257537450.0
2022-12-31,092200,72994670160.0,622895551410.0,695890221570.0
2021-12-31,092200,67494976460.0,522637069130.0,590132045590.0
2020-12-31,092200,-31681306610.0,525068686360.0,493387379750.0
2023-09-30,377190,20916813930.0,20916813930.0
2023-03-31,377190,20828687650.0,20828687650.0
2022-12-31,377190,19595734540.0,19595734540.0
2022-09-30,377190,20014070490.0,20014070490.0
2022-06-30,377190,18571333130.0,18571333130.0
2022-03-31,377190,18444927560.0,18444927560.0
2021-12-31,377190,16803649070.0,16803649070.0
2021-09-30,377190,16756364160.0,16756364160.0
2021-03-31,377190,15056115120.0,15056115120.0
2020-09-30,377190,10777161830.0,10777161830.0
2023-12-31,013570,111275948270.0,1079895353870.0,1191171302140.0
2022-12-31,013570,94667105530.0,1000149790680.0,1094816896210.0
2021-12-31,013570,99303967910.0,899045851170.0,998349819080.0
2020-12-31,013570,95026635060.0,694401936800.0,789428571860.0
2023-12-31,210540,51497095650.0,378537580250.0,430034675900.0
2022-12-31,210540,40117265600.0,378901440490.0,419018706090.0
2021-12-31,210540,54439721640.0,382721849460.0,437161571100.0
2020-12-31,210540,51064842640.0,253686220640.0,304751063280.0
2022-12-31,115390,208204267090.0,313011849650.0,521216116740.0
2021-12-31,115390,232614930390.0,310422596830.0,543037527220.0
2020-12-31,115390,223661954800.0,278322895830.0,501984850630.0
2022-12-31,032350,183670906050.0,,183670906050.0
2021-12-31,032350,107071758770.0,,107071758770.0
2020-12-31,032350,16769428650.0,16499142000.0,16769428650.0
2022-12-31,089860,2693428447270.0,45511142000.0,2738939589270.0
2021-12-31,089860,2382125760490.0,40533078000.0,2422658838490.0
2020-12-31,089860,2225173401840.0,26899386000.0,2252072787840.0
2023-12-31,330590,59415198440.0,59415198440.0
2023-06-30,330590,58664677140.0,58664677140.0
2022-12-31,330590,57920144210.0,57920144210.0
2022-09-30,330590,57479677980.0,57479677980.0
2022-06-30,330590,57479677980.0,57479677980.0
2021-12-31,330590,56179895050.0,56179895050.0
2021-06-30,330590,48642163630.0,48642163630.0
2020-12-31,330590,38327150630.0,38327150630.0
2020-06-30,330590,38093181100.0,38093181100.0
2022-12-31,023530,6813429390180.0,8662606266370.0,15476035656550.0
2021-12-31,023530,6542237348260.0,9031312694400.0,15573550042660.0
2020-12-31,023530,6540672721280.0,9643709238670.0,16184381959950.0
2022-12-31,020150,129583091340.0,599779830480.0,729362921820.0
2021-12-31,020150,112657969660.0,576234643850.0,688892613510.0
2020-12-31,020150,86395994270.0,450520986410.0,536916980680.0
2023-12-31,280360,1131732951490.0,2934658911620.0,4066391863110.0
2022-12-31,280360,912194527910.0,2291069933140.0,3203264461050.0
2021-12-31,280360,733081854580.0,1412325390200.0,2145407244780.0
2020-12-31,280360,719199979000.0,1356848042950.0,2076048021950.0
2023-12-31,004000,282927013650.0,1485694102070.0,1768621115720.0
2022-12-31,004000,525376026340.0,1938383281750.0,2463759308090.0
2021-12-31,004000,349189045590.0,1431104011200.0,1780293056790.0
2020-12-31,004000,234061682620.0,1029573955450.0,1263635638070.0
2023-12-31,286940,125125394590.0,1071597073310.0,1196722467900.0
2022-12-31,286940,93680480540.0,954024397290.0,1047704877830.0
2021-12-31,286940,75652266570.0,854346444570.0,929998711140.0
2020-12-31,286940,68883635060.0,780662258000.0,849545893060.0
2022-12-31,004990,4150206662370.0,9961645646800.0,14111852309170.0
2021-12-31,004990,2627818346010.0,7297045668180.0,9924864014190.0
2020-12-31,004990,2492045368610.0,6594603860950.0,9086649229560.0
2022-12-31,00499K,4150206662370.0,9961645646800.0,14111852309170.0
2021-12-31,00499K,2627818346010.0,7297045668180.0,9924864014190.0
2020-12-31,00499K,2492045368610.0,6594603860950.0,9086649229560.0
2023-12-31,005300,1235334845490.0,1989345636310.0,3224680481800.0
2022-12-31,005300,1147969098260.0,1693777951600.0,2841747049860.0
2021-12-31,005300,1045814045490.0,1460279224710.0,2506093270200.0
2020-12-31,005300,908450841740.0,1349522459200.0,2257973300940.0
2023-12-31,005305,1235334845490.0,1989345636310.0,3224680481800.0
2022-12-31,005305,1147969098260.0,1693777951600.0,2841747049860.0
2021-12-31,005305,1045814045490.0,1460279224710.0,2506093270200.0
2020-12-31,005305,908450841740.0,1349522459200.0,2257973300940.0
2022-12-31,011170,283287010500.0,21992795753190.0,22276082763690.0
2021-12-31,011170,2463949881130.0,15656512541620.0,18120462422750.0
2020-12-31,011170,1153297528760.0,11069734022500.0,12223031551260.0
2023-12-31,071840,678156108450.0,1931980921900.0,2610137030350.0
2022-12-31,071840,758705292430.0,2578115558350.0,3336820850780.0
2021-12-31,071840,932718658400.0,2937029993050.0,3869748651450.0
2020-12-31,071840,1006457252700.0,3045271833480.0,4051729086180.0
2022-12-31,027740,18325398320.0,302225882670.0,320551280990.0
2021-12-31,027740,10915637780.0,241811368970.0,252727006750.0
2020-12-31,027740,-8598096890.0,223392723570.0,214794626680.0
2023-09-30,357430,4081936670.0,4081936670.0
2023-03-31,357430,4258026000.0,4258026000.0
2022-12-31,357430,4984135160.0,4984135160.0
2022-09-30,357430,3434015630.0,3434015630.0
2022-03-31,357430,7560367430.0,7560367430.0
2021-07-31,357430,47910560.0,47910560.0
2021-01-31,357430,435533790.0,435533790.0
2020-07-31,357430,,
2023-06-30,001080,12206290470.0,201090017930.0,213296308400.0
2022-06-30,001080,22908667440.0,230796349920.0,253705017360.0
2021-06-30,001080,17683847990.0,178440075320.0,196123923310.0
2020-06-30,001080,15579142320.0,180840474420.0,196419616740.0
2022-12-31,090370,9608080920.0,13050961290.0,22659042210.0
2021-12-31,090370,13300155600.0,16044780720.0,29344936320.0
2020-12-31,090370,23998287670.0,24994955820.0,48993243490.0
2022-12-31,017180,78100798600.0,74034141900.0,152134940500.0
2021-12-31,017180,62337786560.0,75422115510.0,137759902070.0
2020-12-31,017180,48991125090.0,78861730810.0,127852855900.0
2022-12-31,009900,201565680940.0,1313676409610.0,1515242090550.0
2021-12-31,009900,102494454960.0,1005213978650.0,1107708433610.0
2020-12-31,009900,101967055700.0,707060757680.0,809027813380.0
2022-12-31,012690,25732060970.0,95138033140.0,120870094110.0
2021-12-31,012690,24914596240.0,81484799810.0,106399396050.0
2020-12-31,012690,31777683350.0,85353192390.0,117130875740.0
2022-12-31,005360,52805627510.0,96726582750.0,149532210260.0
2021-12-31,005360,47032487760.0,85203411670.0,132235899430.0
2020-12-31,005360,40981353450.0,86781569550.0,127762923000.0
2023-12-31,009680,32961748200.0,211297029360.0,244258777560.0
2022-12-31,009680,29275180740.0,194585032030.0,223860212770.0
2021-12-31,009680,27530463470.0,168553452110.0,196083915580.0
2020-12-31,009680,23821938370.0,154735728940.0,178557667310.0
2022-12-31,009580,134071874400.0,640031726830.0,774103601230.0
2021-12-31,009580,83801020860.0,529898084960.0,613699105820.0
2020-12-31,009580,52963558770.0,474944097020.0,527907655790.0
2022-12-31,009200,210476795290.0,1188662471640.0,1399139266930.0
2021-12-31,009200,130020382740.0,925252872080.0,1055273254820.0
2020-12-31,009200,111834989980.0,837819858110.0,949654848090.0
2022-12-31,033920,66926795040.0,85905649770.0,152832444810.0
2021-12-31,033920,45771796280.0,81156543310.0,126928339590.0
2020-12-31,033920,55103926940.0,84247878290.0,139351805230.0
2023-12-31,008420,4228051990.0,159405850040.0,163633902030.0
2022-12-31,008420,10213757870.0,181992972790.0,192206730660.0
2021-12-31,008420,27408342950.0,177464924590.0,204873267540.0
2020-12-31,008420,9383606410.0,143294460490.0,152678066900.0
2023-12-31,025560,-7315779620.0,29055243100.0,21739463480.0
2022-12-31,025560,21532064970.0,34639918530.0,56171983500.0
2021-12-31,025560,16787981860.0,31550431780.0,48338413640.0
2020-12-31,025560,8632668420.0,32927713310.0,41560381730.0
2022-12-31,007120,6586948780.0,6241410480.0,12828359260.0
2021-12-31,007120,4117906680.0,3690014900.0,7807921580.0
2020-12-31,007120,2857640760.0,2913125680.0,5770766440.0
2023-12-31,396690,11231584860.0,11231584860.0
2023-09-30,396690,12546165190.0,12546165190.0
2023-06-30,396690,14337054430.0,14337054430.0
2023-03-31,396690,13638749310.0,13638749310.0
2022-12-31,396690,14282004240.0,14282004240.0
2022-09-30,396690,11974795590.0,11974795590.0
2022-03-31,396690,8273968350.0,8273968350.0
2023-11-30,357250,10908521640.0,10908521640.0
2023-05-31,357250,6007231580.0,6007231580.0
2022-11-30,357250,5952158820.0,5952158820.0
2022-08-31,357250,5895323010.0,5895323010.0
2022-05-31,357250,5895323000.0,5895323000.0
2022-02-28,357250,5840465860.0,5840465860.0
2021-11-30,357250,5841383960.0,5841383960.0
2021-05-31,357250,5785608720.0,5785608720.0
2020-11-30,357250,7868321500.0,7868321500.0
2022-12-31,002840,108141624540.0,330046379420.0,438188003960.0
2021-12-31,002840,84680219710.0,275114763070.0,359794982780.0
2020-12-31,002840,68059163580.0,226924696830.0,294983860410.0
2023-12-31,268280,54109986720.0,383562931600.0,437672918320.0
2022-12-31,268280,131859454450.0,479790369720.0,611649824170.0
2021-12-31,268280,135875165210.0,395467887530.0,531343052740.0
2020-12-31,268280,75912534430.0,296077027020.0,371989561450.0
2022-12-31,107590,55703907240.0,443589513860.0,499293421100.0
2021-12-31,107590,59906477850.0,361479446340.0,421385924190.0
2020-12-31,107590,46393848230.0,242577588970.0,288971437200.0
2023-12-31,134380,42310787430.0,190304972840.0,232615760270.0
2022-12-31,134380,35805043940.0,199360524410.0,235165568350.0
2021-12-31,134380,27725070730.0,169745006770.0,197470077500.0
2020-12-31,134380,29808793290.0,130425557510.0,160234350800.0
2022-12-31,003650,57886862240.0,360902827810.0,418789690050.0
2021-12-31,003650,49873279700.0,356419393030.0,406292672730.0
2020-12-31,003650,31692690200.0,245885544720.0,277578234920.0
2022-12-31,377740,340731660960.0,138925428850.0,479657089810.0
2021-12-31,377740,512063716630.0,110291447800.0,622355164430.0
2020-12-31,377740,579579836420.0,51924708380.0,631504544800.0
2023-09-30,003610,4953028290.0,126968556360.0,131921584650.0
2022-09-30,003610,11987139700.0,143781033750.0,155768173450.0
2021-09-30,003610,15998078660.0,114975081470.0,130973160130.0
2020-09-30,003610,9205546220.0,107341410370.0,116546956590.0
2022-12-31,001340,68872559210.0,163852587610.0,232725146820.0
2021-12-31,001340,52048019800.0,139069708710.0,191117728510.0
2020-12-31,001340,42758021410.0,128566527580.0,171324548990.0
2022-12-31,035150,94989758020.0,380905482600.0,475895240620.0
2021-12-31,035150,67913789070.0,303163143500.0,371076932570.0
2020-12-31,035150,69827182560.0,313284063750.0,383111246310.0
2022-12-31,002410,-1566097470.0,121316916860.0,119750819390.0
2021-12-31,002410,13610205860.0,98297814030.0,111908019890.0
2020-12-31,002410,22161230140.0,122195893550.0,144357123690.0
2022-12-31,007210,93757200890.0,426128801950.0,519886002840.0
2021-12-31,007210,76737413690.0,394691603860.0,471429017550.0
2020-12-31,007210,72644321110.0,366883621000.0,439527942110.0
2023-12-31,002760,5686155490.0,41087641630.0,46773797120.0
2022-12-31,002760,8312461050.0,40122254620.0,48434715670.0
2021-12-31,002760,6504477290.0,33259435210.0,39763912500.0
2020-12-31,002760,4740702140.0,33551994860.0,38292697000.0
2023-12-31,003850,353429853500.0,506195732260.0,859625585760.0
2022-12-31,003850,307187185250.0,453288659440.0,760475844690.0
2021-12-31,003850,264937357070.0,362342032980.0,627279390050.0
2020-12-31,003850,231441597640.0,330424994810.0,561866592450.0
2022-12-31,000890,27405321020.0,63453459890.0,90858780910.0
2021-12-31,000890,29231218220.0,54517692570.0,83748910790.0
2020-12-31,000890,26237788480.0,52326016060.0,78563804540.0
2023-12-31,003000,47073516020.0,78854724750.0,125928240770.0
2022-12-31,003000,79428809120.0,111480555410.0,190909364530.0
2021-12-31,003000,75757983530.0,106733237930.0,182491221460.0
2020-12-31,003000,71641215310.0,98018538200.0,169659753510.0
2022-12-31,026940,10658775000.0,199068560860.0,209727335860.0
2021-12-31,026940,13202856810.0,182531365870.0,195734222680.0
2020-12-31,026940,6354962320.0,132575020700.0,138929983020.0
2022-12-31,011390,21083479360.0,131526723770.0,152610203130.0
2021-12-31,011390,14951787450.0,113063184910.0,128014972360.0
2020-12-31,011390,19274289590.0,96363269530.0,115637559120.0
2022-12-31,005030,9415249210.0,221134206540.0,230549455750.0
2021-12-31,005030,6902687980.0,179924127720.0,186826815700.0
2020-12-31,005030,10323211240.0,142401447650.0,152724658890.0
2022-12-31,002070,118571238220.0,94480918770.0,213052156990.0
2021-12-31,002070,103756936790.0,84106484430.0,187863421220.0
2020-12-31,002070,102784443840.0,80516695670.0,183301139510.0
2022-12-31,100220,146838894660.0,106189744630.0,253028639290.0
2021-12-31,100220,122880653280.0,92693160610.0,215573813890.0
2020-12-31,100220,79782236370.0,92531533280.0,172313769650.0
2022-12-31,090460,192854962560.0,1488198957200.0,1681053919760.0
2021-12-31,090460,100456501510.0,936506155400.0,1036962656910.0
2020-12-31,090460,62839059700.0,658519137480.0,721358197180.0
2022-12-31,030790,2286099000.0,29625991000.0,31912090000.0
2021-12-31,030790,888961930.0,23908922690.0,24797884620.0
2020-12-31,030790,1017310510.0,8840541270.0,9857851780.0
2023-12-31,005180,441182771630.0,953133610770.0,1394316382400.0
2022-12-31,005180,335711232460.0,931974590210.0,1267685822670.0
2021-12-31,005180,301880489760.0,845554628860.0,1147435118620.0
2020-12-31,005180,260747289390.0,698382200210.0,959129489600.0
2023-12-31,003960,297385489580.0,1765689166100.0,2063074655680.0
2022-12-31,003960,260474072720.0,1758278625950.0,2018752698670.0
2021-12-31,003960,254306299810.0,1559388443110.0,1813694742920.0
2020-12-31,003960,204808854290.0,1513295207880.0,1718104062170.0
2023-12-31,008040,80724046480.0,597773840410.0,678497886890.0
2022-12-31,008040,53069556280.0,578497676900.0,631567233180.0
2021-12-31,008040,48993807760.0,363145753000.0,412139560760.0
2020-12-31,008040,46330528540.0,341273091550.0,387603620090.0
2023-12-31,007160,14112234970.0,618128040650.0,632240275620.0
2022-12-31,007160,89893773100.0,571092545640.0,660986318740.0
2021-12-31,007160,81120957260.0,509272806910.0,590393764170.0
2020-12-31,007160,54809764400.0,567117655550.0,621927419950.0
2023-12-31,014710,-23165588340.0,199189453940.0,176023865600.0
2022-12-31,014710,23950916150.0,177165253740.0,201116169890.0
2021-12-31,014710,22874218710.0,151740711580.0,174614930290.0
2020-12-31,014710,20964888150.0,193492076240.0,214456964390.0
2023-12-31,006090,44141648430.0,347396102890.0,391537751320.0
2022-12-31,006090,36087227830.0,333037979380.0,369125207210.0
2021-12-31,006090,43150498220.0,285731280340.0,328881778560.0
2020-12-31,006090,48295018550.0,279326166940.0,327621185490.0
2022-12-31,001470,-28295404470.0,491453073410.0,463157668940.0
2021-12-31,001470,31150552820.0,325897386780.0,357047939600.0
2020-12-31,001470,29248445510.0,350113800110.0,379362245620.0
2023-10-31,448730,9278256090.0,9278256090.0
2023-07-31,448730,9282685250.0,9282685250.0
2023-04-30,448730,9048392450.0,9048392450.0
2023-01-31,448730,6798237360.0,6798237360.0
2023-12-31,006400,3981916407410.0,18726384091220.0,22708300498630.0
2022-12-31,006400,4220746681810.0,15903322834040.0,20124069515850.0
2021-12-31,006400,3077618179680.0,10475602069110.0,13553220248790.0
2020-12-31,006400,2380553013080.0,8914217432960.0,11294770446040.0
2023-12-31,006405,3981916407410.0,18726384091220.0,22708300498630.0
2022-12-31,006405,4220746681810.0,15903322834040.0,20124069515850.0
2021-12-31,006405,3077618179680.0,10475602069110.0,13553220248790.0
2020-12-31,006405,2380553013080.0,8914217432960.0,11294770446040.0
2023-12-31,006660,18089600700.0,107801236250.0,125890836950.0
2022-12-31,006660,19574741730.0,76170612240.0,95745353970.0
2021-12-31,006660,9956748540.0,69621686610.0,79578435150.0
2020-12-31,006660,7338243220.0,56430225740.0,63768468960.0
2023-12-31,028260,6566946726530.0,35328734489200.0,41895681215730.0
2022-12-31,028260,6039149824030.0,37122503575500.0,43161653399530.0
2021-12-31,028260,4020939178600.0,30434242704100.0,34455181882700.0
2020-12-31,028260,3365486131080.0,26850632785910.0,30216118916990.0
2023-12-31,02826K,6566946726530.0,35328734489200.0,41895681215730.0
2022-12-31,02826K,6039149824030.0,37122503575500.0,43161653399530.0
2021-12-31,02826K,4020939178600.0,30434242704100.0,34455181882700.0
2020-12-31,02826K,3365486131080.0,26850632785910.0,30216118916990.0
2023-12-31,207940,1802764561290.0,1891824205770.0,3694588767060.0
2022-12-31,207940,1468448032820.0,1532847164860.0,3001295197680.0
2021-12-31,207940,726451365440.0,841555562590.0,1568006928030.0
2020-12-31,207940,416076110170.0,748700763470.0,1164776873640.0
2023-12-31,018260,1796149472960.0,11480694731910.0,13276844204870.0
2022-12-31,018260,1900555780190.0,15334193757470.0,17234749537660.0
2021-12-31,018260,1683163469220.0,11946838969700.0,13630002438920.0
2020-12-31,018260,1689748388810.0,9327683136710.0,11017431525520.0
2023-12-31,028050,1450761836050.0,9174156157540.0,10624917993590.0
2022-12-31,028050,1080925613630.0,8973419011550.0,10054344625180.0
2021-12-31,028050,861319798520.0,6625376322650.0,7486696121170.0
2020-12-31,028050,672278746480.0,6076895398640.0,6749174145120.0
2023-12-31,009150,1720874328920.0,7188574154990.0,8909448483910.0
2022-12-31,009150,2263146084270.0,7161405783750.0,9424551868020.0
2021-12-31,009150,2547938118740.0,7127098008980.0,9675036127720.0
2020-12-31,009150,1968787127180.0,5784472159210.0,7753259286390.0
2023-12-31,009155,1720874328920.0,7188574154990.0,8909448483910.0
2022-12-31,009155,2263146084270.0,7161405783750.0,9424551868020.0
2021-12-31,009155,2547938118740.0,7127098008980.0,9675036127720.0
2020-12-31,009155,1968787127180.0,5784472159210.0,7753259286390.0
2023-12-31,005930,78546914000000.0,180388580000000.0,258935494000000.0
2022-12-31,005930,112189590000000.0,190041770000000.0,302231360000000.0
2021-12-31,005930,113193457000000.0,166411342000000.0,279604799000000.0
2020-12-31,005930,92318692000000.0,144488296000000.0,236806988000000.0
2023-12-31,005935,78546914000000.0,180388580000000.0,258935494000000.0
2022-12-31,005935,112189590000000.0,190041770000000.0,302231360000000.0
2021-12-31,005935,113193457000000.0,166411342000000.0,279604799000000.0
2020-12-31,005935,92318692000000.0,144488296000000.0,236806988000000.0
2022-12-31,001360,24619018360.0,27213215490.0,51832233850.0
2021-12-31,001360,9281738230.0,45619391990.0,54901130220.0
2020-12-31,001360,10450894360.0,37818277880.0,48269172240.0
2023-12-31,010140,645473765040.0,7363956147060.0,8009429912100.0
2022-12-31,010140,-462219958090.0,6406887410370.0,5944667452280.0
2021-12-31,010140,-765662003960.0,7387663491280.0,6622001487320.0
2020-12-31,010140,-465541703740.0,7325859346240.0,6860317642500.0
2022-12-31,068290,25213847180.0,26451850230.0,51665697410.0
2021-12-31,068290,101246570380.0,86232969770.0,187479540150.0
2020-12-31,068290,88007353790.0,79098822190.0,167106175980.0
2023-12-31,006110,20451531280.0,247571889150.0,268023420430.0
2022-12-31,006110,38573367330.0,273482516090.0,312055883420.0
2021-12-31,006110,30528997920.0,222436526620.0,252965524540.0
2020-12-31,006110,19641680140.0,177371796650.0,197013476790.0
2023-12-31,145990,464304548210.0,2187134623140.0,2651439171350.0
2022-12-31,145990,413883576470.0,2238554959190.0,2652438535660.0
2021-12-31,145990,387289260210.0,1997164363760.0,2384453623970.0
2020-12-31,145990,400549594430.0,1651217295190.0,2051766889620.0
2023-12-31,145995,464304548210.0,2187134623140.0,2651439171350.0
2022-12-31,145995,413883576470.0,2238554959190.0,2652438535660.0
2021-12-31,145995,387289260210.0,1997164363760.0,2384453623970.0
2020-12-31,145995,400549594430.0,1651217295190.0,2051766889620.0
2022-12-31,003230,251222533400.0,657814038190.0,909036571590.0
2021-12-31,003230,170637890160.0,471392423990.0,642030314150.0
2020-12-31,003230,191472529590.0,457034081860.0,648506611450.0
2023-12-31,002170,25486435390.0,153771930490.0,179258365880.0
2022-12-31,002170,24705746020.0,154095088390.0,178800834410.0
2021-12-31,002170,44067371350.0,149891235250.0,193958606600.0
2020-12-31,002170,65191459630.0,133225591640.0,198417051270.0
2023-12-31,272550,82629977510.0,339038833590.0,421668811100.0
2022-12-31,272550,71579123310.0,335773602870.0,407352726180.0
2021-12-31,272550,84791700070.0,307154496280.0,391946196350.0
2020-12-31,272550,90549168670.0,277020102660.0,367569271330.0
2023-12-31,000070,528690299310.0,2682163192480.0,3210853491790.0
2022-12-31,000070,543311826970.0,2773465999170.0,3316777826140.0
2021-12-31,000070,729030850160.0,2378282506600.0,3107313356760.0
2020-12-31,000070,520110303680.0,1951115805520.0,2471226109200.0
2023-12-31,000075,528690299310.0,2682163192480.0,3210853491790.0
2022-12-31,000075,543311826970.0,2773465999170.0,3316777826140.0
2021-12-31,000075,729030850160.0,2378282506600.0,3107313356760.0
2020-12-31,000075,520110303680.0,1951115805520.0,2471226109200.0
2022-12-31,003720,17614398110.0,130133615380.0,147748013490.0
2021-12-31,003720,17964251500.0,115305524700.0,133269776200.0
2020-12-31,003720,15850525850.0,101807251070.0,117657776920.0
2022-12-31,002810,49802723600.0,442710057890.0,492512781490.0
2021-12-31,002810,50912100070.0,416121181980.0,467033282050.0
2020-12-31,002810,47739579800.0,344696268130.0,392435847930.0
2022-12-31,005680,36283282980.0,191523226970.0,227806509950.0
2021-12-31,005680,36610102000.0,202267692970.0,238877794970.0
2020-12-31,005680,29047468750.0,171520561560.0,200568030310.0
2023-12-31,023000,29020347670.0,330037822250.0,359058169920.0
2022-12-31,023000,29806280800.0,334304804850.0,364111085650.0
2021-12-31,023000,20829044300.0,279123500110.0,299952544410.0
2020-12-31,023000,20118427800.0,225870851070.0,245989278870.0
2022-12-31,004380,54607930210.0,284526001110.0,339133931320.0
2021-12-31,004380,43531098190.0,266953521450.0,310484619640.0
2020-12-31,004380,33966322500.0,229890121410.0,263856443910.0
2022-12-31,002450,67096949130.0,258602638260.0,325699587390.0
2021-12-31,002450,82056464420.0,213371803400.0,295428267820.0
2020-12-31,002450,67686969350.0,180170750800.0,247857720150.0
2022-12-31,004440,24790322600.0,216450868850.0,241241191450.0
2021-12-31,004440,37834556660.0,188771720430.0,226606277090.0
2020-12-31,004440,24653193310.0,161417671580.0,186070864890.0
2022-12-31,000520,67485519620.0,112190588620.0,179676108240.0
2021-12-31,000520,48988243140.0,85258534740.0,134246777880.0
2020-12-31,000520,49032229150.0,73966763000.0,122998992150.0
2022-12-31,009770,15878128340.0,158585963440.0,174464091780.0
2021-12-31,009770,10625493340.0,127511688040.0,138137181380.0
2020-12-31,009770,22249772340.0,124081244750.0,146331017090.0
2023-12-31,005500,116681235780.0,175447297950.0,292128533730.0
2022-12-31,005500,117734423310.0,156297385140.0,274031808450.0
2021-12-31,005500,117831983110.0,132238372380.0,250070355490.0
2020-12-31,005500,110516045420.0,124648844070.0,235164889490.0
2022-12-31,004690,427866062580.0,5361238809090.0,5789104871670.0
2021-12-31,004690,383651516110.0,3385659379960.0,3769310896070.0
2020-12-31,004690,379966699330.0,2828065400010.0,3208032099340.0
2023-12-31,010960,27140277240.0,334776864190.0,361917141430.0
2022-12-31,010960,20455434580.0,287066679590.0,307522114170.0
2021-12-31,010960,26502415270.0,290756655340.0,317259070610.0
2020-12-31,010960,26864730670.0,336514816770.0,363379547440.0
2022-12-31,004450,19934847560.0,134512998720.0,154447846280.0
2021-12-31,004450,23193780300.0,126751391980.0,149945172280.0
2020-12-31,004450,24423936230.0,115845113290.0,140269049520.0
2023-12-31,009470,32426763830.0,170024174700.0,202450938530.0
2022-12-31,009470,39858908520.0,199253825380.0,239112733900.0
2021-12-31,009470,47022058090.0,200076437030.0,247098495120.0
2020-12-31,009470,27791822930.0,171511086310.0,199302909240.0
2023-12-31,011230,1884415310.0,40022584320.0,41906999630.0
2022-12-31,011230,2498787960.0,45827431560.0,48326219520.0
2021-12-31,011230,2121977780.0,42220198610.0,44342176390.0
2020-12-31,011230,4539131670.0,35577020410.0,40116152080.0
2023-12-31,001820,52181528030.0,228587016980.0,280768545010.0
2022-12-31,001820,57824684780.0,205644445180.0,263469129960.0
2021-12-31,001820,58782998380.0,203376287360.0,262159285740.0
2020-12-31,001820,51367022180.0,191147180230.0,242514202410.0
2022-12-31,000390,120120493700.0,525919037950.0,646039531650.0
2021-12-31,000390,95489155530.0,536116745160.0,631605900690.0
2020-12-31,000390,105802288650.0,445916544010.0,551718832660.0
2022-12-31,041650,98478019180.0,390536803280.0,489014822460.0
2021-12-31,041650,83006794130.0,314016273910.0,397023068040.0
2020-12-31,041650,71482822830.0,277558825370.0,349041648200.0
2022-12-31,075180,9692156810.0,128345393600.0,138037550410.0
2021-12-31,075180,12059560420.0,115546052150.0,127605612570.0
2020-12-31,075180,11094567750.0,124566274180.0,135660841930.0
2023-12-31,007540,129127765830.0,254798731120.0,383926496950.0
2022-12-31,007540,136803263250.0,235024253420.0,371827516670.0
2021-12-31,007540,140755792590.0,208207631070.0,348963423660.0
2020-12-31,007540,144720017630.0,174356418900.0,319076436530.0
2023-12-31,248170,127445059600.0,255980981140.0,383426040740.0
2022-12-31,248170,134924849420.0,236273431540.0,371198280960.0
2021-12-31,248170,139486279610.0,209214774700.0,348701054310.0
2020-12-31,248170,143070604160.0,175878174800.0,318948778960.0
2022-12-31,007860,504488901890.0,2747059779970.0,3251548681860.0
2021-12-31,007860,341188815340.0,2138126223170.0,2479315038510.0
2020-12-31,007860,275219509750.0,1962049012930.0,2237268522680.0
2022-12-31,200880,451721777360.0,2393531592590.0,2845253369950.0
2021-12-31,200880,297117429440.0,1882948469310.0,2180065898750.0
2020-12-31,200880,239508361610.0,1722876231660.0,1962384593270.0
2023-12-31,017390,199271973920.0,1518151215750.0,1717423189670.0
2022-12-31,017390,192398338610.0,1532053665680.0,1724452004290.0
2021-12-31,017390,175594858010.0,1102249618490.0,1277844476500.0
2020-12-31,017390,189008134420.0,1091702741610.0,1280710876030.0
2022-12-31,004410,13796556830.0,50552848860.0,64349405690.0
2021-12-31,004410,8860479590.0,46437171060.0,55297650650.0
2020-12-31,004410,12842138430.0,48724194740.0,61566333170.0
2022-12-31,004415,13796556830.0,50552848860.0,64349405690.0
2021-12-31,004415,8860479590.0,46437171060.0,55297650650.0
2020-12-31,004415,12842138430.0,48724194740.0,61566333170.0
2022-12-31,021050,11310071200.0,264369141320.0,275679212520.0
2021-12-31,021050,25317341870.0,236319052080.0,261636393950.0
2020-12-31,021050,13812174590.0,180871569620.0,194683744210.0
2022-12-31,008490,137278330020.0,497687749000.0,634966079020.0
2021-12-31,008490,126233395230.0,470499756770.0,596733152000.0
2020-12-31,008490,120963404790.0,432048748860.0,553012153650.0
2022-12-31,007610,4318205000.0,59701889000.0,64020094000.0
2021-12-31,007610,-13316706000.0,82517033000.0,69200327000.0
2020-12-31,007610,3758396510.0,74803862780.0,78562259290.0
2022-12-31,136490,268458403560.0,1602322782070.0,1870781185630.0
2021-12-31,136490,259628834620.0,1269120926590.0,1528749761210.0
2020-12-31,136490,259475567930.0,1088613775080.0,1348089343010.0
2022-12-31,014910,8892091500.0,41081807220.0,49973898720.0
2021-12-31,014910,9315542180.0,40028114790.0,49343656970.0
2020-12-31,014910,4715958990.0,33166686800.0,37882645790.0
2022-12-31,014915,8892091500.0,41081807220.0,49973898720.0
2021-12-31,014915,9315542180.0,40028114790.0,49343656970.0
2020-12-31,014915,4715958990.0,33166686800.0,37882645790.0
2023-12-31,003080,17537853800.0,45074586070.0,62612439870.0
2022-12-31,003080,17906877640.0,48472380340.0,66379257980.0
2021-12-31,003080,14508633000.0,43167103220.0,57675736220.0
2020-12-31,003080,9577999740.0,42155628780.0,51733628520.0
2023-12-31,004980,212225319710.0,901056864820.0,1113282184530.0
2022-12-31,004980,141656220380.0,888758109560.0,1030414329940.0
2021-12-31,004980,147136803420.0,686406760420.0,833543563840.0
2020-12-31,004980,134218684120.0,588086911740.0,722305595860.0
2023-12-31,004985,212225319710.0,901056864820.0,1113282184530.0
2022-12-31,004985,141656220380.0,888758109560.0,1030414329940.0
2021-12-31,004985,147136803420.0,686406760420.0,833543563840.0
2020-12-31,004985,134218684120.0,588086911740.0,722305595860.0
2022-12-31,011300,12245109400.0,60214892170.0,72460001570.0
2021-12-31,011300,8655708880.0,70230416690.0,78886125570.0
2020-12-31,011300,-7545356400.0,135567319680.0,128021963280.0
2022-12-31,000180,19829342570.0,207690355050.0,227519697620.0
2021-12-31,000180,36429693820.0,161510619240.0,197940313060.0
2020-12-31,000180,32397207250.0,138519375920.0,170916583170.0
2022-12-31,002420,2175658730.0,31534644600.0,33710303330.0
2021-12-31,002420,-124089430.0,18004312390.0,17880222960.0
2020-12-31,002420,-630916450.0,2865112680.0,2234196230.0
2023-12-31,004360,115824684900.0,1026125362520.0,1141950047420.0
2022-12-31,004360,122173687260.0,1168176898550.0,1290350585810.0
2021-12-31,004360,93771216110.0,963938195930.0,1057709412040.0
2020-12-31,004360,75805204250.0,766433448410.0,842238652660.0
2023-12-31,004365,115824684900.0,1026125362520.0,1141950047420.0
2022-12-31,004365,122173687260.0,1168176898550.0,1290350585810.0
2021-12-31,004365,93771216110.0,963938195930.0,1057709412040.0
2020-12-31,004365,75805204250.0,766433448410.0,842238652660.0
2023-12-31,004490,264251257670.0,1420564088080.0,1684815345750.0
2022-12-31,004490,209135513180.0,1264007264750.0,1473142777930.0
2021-12-31,004490,212180359700.0,1139827312740.0,1352007672440.0
2020-12-31,004490,187419943840.0,1065371072350.0,1252791016190.0
2023-12-31,001430,406047017690.0,3677434158230.0,4083481175920.0
2022-12-31,001430,345831157170.0,4040501591370.0,4386332748540.0
2021-12-31,001430,393779588430.0,3257323362870.0,3651102951300.0
2020-12-31,001430,133083854370.0,2402692061230.0,2535775915600.0
2023-12-31,306200,317436548230.0,1543468421680.0,1860904969910.0
2022-12-31,306200,332044798620.0,1469790291840.0,1801835090460.0
2021-12-31,306200,206192338020.0,1291168437790.0,1497360775810.0
2020-12-31,306200,124442655980.0,1026023508580.0,1150466164560.0
2022-12-31,003030,807834130030.0,3146000020630.0,3953834150660.0
2021-12-31,003030,476495996610.0,2365226130960.0,2841722127570.0
2020-12-31,003030,230563823590.0,2075793618170.0,2306357441760.0
2023-12-31,019440,56050803110.0,973245093000.0,1029295896110.0
2022-12-31,019440,69925003350.0,1004430048440.0,1074355051790.0
2021-12-31,019440,70534712500.0,825262841460.0,895797553960.0
2020-12-31,019440,30557754380.0,624459651750.0,655017406130.0
2023-12-31,058650,442168303760.0,5977035299260.0,6419203603020.0
2022-12-31,058650,440861461040.0,6304940033850.0,6745801494890.0
2021-12-31,058650,518204795690.0,5487317388190.0,6005522183880.0
2020-12-31,058650,194632266680.0,4062722475260.0,4257354741940.0
2022-12-31,013000,3918930440.0,24146896780.0,28065827220.0
2021-12-31,013000,4911782900.0,27482473010.0,32394255910.0
2020-12-31,013000,3864624370.0,23587723750.0,27452348120.0
2022-12-31,091090,16456926260.0,110170398830.0,126627325090.0
2021-12-31,091090,3120735210.0,80028863050.0,83149598260.0
2020-12-31,091090,11320930730.0,98533576300.0,109854507030.0
2023-06-30,021820,29031813080.0,130167644220.0,159199457300.0
2022-06-30,021820,2330618780.0,112884729290.0,115215348070.0
2021-06-30,021820,11263475430.0,131210336410.0,142473811840.0
2020-06-30,021820,2618857000.0,154241270660.0,156860127660.0
2023-12-31,067830,69391501530.0,54395361770.0,123786863300.0
2022-12-31,067830,67051531650.0,52298743490.0,119350275140.0
2021-12-31,067830,67309977150.0,54863258590.0,122173235740.0
2020-12-31,067830,72726104010.0,61996957540.0,134723061550.0
2022-12-31,033530,141118577690.0,1717738225140.0,1858856802830.0
2021-12-31,033530,121642526970.0,1426606877810.0,1548249404780.0
2020-12-31,033530,115073841280.0,1067700606380.0,1182774447660.0
2022-12-31,075580,47346018600.0,362707647970.0,410053666570.0
2021-12-31,075580,22337369820.0,228043481490.0,250380851310.0
2020-12-31,075580,19133197050.0,266431511640.0,285564708690.0
2022-12-31,068270,1032697305690.0,1251270174700.0,2283967480390.0
2021-12-31,068270,1087594265670.0,805806951540.0,1893401217210.0
2020-12-31,068270,1027663989110.0,821451543000.0,1849115532110.0
2022-12-31,336370,45402753050.0,415816524300.0,461219277350.0
2021-12-31,336370,77545450730.0,302785339290.0,380330790020.0
2020-12-31,336370,96737283820.0,193425892500.0,290163176320.0
2022-12-31,33637K,45402753050.0,415816524300.0,461219277350.0
2021-12-31,33637K,77545450730.0,302785339290.0,380330790020.0
2020-12-31,33637K,96737283820.0,193425892500.0,290163176320.0
2022-12-31,33637L,45402753050.0,415816524300.0,461219277350.0
2021-12-31,33637L,77545450730.0,302785339290.0,380330790020.0
2020-12-31,33637L,96737283820.0,193425892500.0,290163176320.0
2022-12-31,248070,208791287440.0,1485752620360.0,1694543907800.0
2021-12-31,248070,134468445770.0,1018781755090.0,1153250200860.0
2020-12-31,248070,159127713500.0,917346609160.0,1076474322660.0
2023-12-31,004430,149949000000.0,880026000000.0,1029975000000.0
2022-12-31,004430,301620000000.0,1027889000000.0,1329509000000.0
2021-12-31,004430,222190000000.0,776000000000.0,998190000000.0
2020-12-31,004430,163973000000.0,643795000000.0,807768000000.0
2022-12-31,126720,73987587800.0,229551850130.0,303539437930.0
2021-12-31,126720,68933975440.0,225176737210.0,294110712650.0
2020-12-31,126720,49705080420.0,214181499630.0,263886580050.0
2022-12-31,017550,64139628310.0,222157141040.0,286296769350.0
2021-12-31,017550,48799100910.0,204193304940.0,252992405850.0
2020-12-31,017550,30374539420.0,107455159540.0,137829698960.0
2022-12-31,053210,989543641560.0,44692553000.0,1034236194560.0
2021-12-31,053210,740669534360.0,22553065000.0,763222599360.0
2020-12-31,053210,664616466150.0,34098889000.0,698715355150.0
2022-12-31,204210,5282772750.0,5282772750.0
2021-12-31,204210,6105379130.0,6105379130.0
2020-12-31,204210,4741755450.0,4741755450.0
2022-12-31,026890,47597822790.0,12850715580.0,60448538370.0
2021-12-31,026890,144132283880.0,310681730.0,144442965610.0
2020-12-31,026890,67259808700.0,106861952220.0,174121760920.0
2022-12-31,134790,51196846710.0,192123811660.0,243320658370.0
2021-12-31,134790,60253731060.0,191683172300.0,251936903360.0
2020-12-31,134790,56920570100.0,170569742380.0,227490312480.0
2022-12-31,016590,120672148510.0,555730075310.0,676402223820.0
2021-12-31,016590,125324809280.0,556241096060.0,681565905340.0
2020-12-31,016590,134626869540.0,474578134820.0,609205004360.0
2023-12-31,029530,94995658990.0,300827456260.0,395823115250.0
2022-12-31,029530,88649424180.0,289537403620.0,378186827800.0
2021-12-31,029530,83013255000.0,238871114040.0,321884369040.0
2020-12-31,029530,79444901300.0,256401369170.0,335846270470.0
2023-12-31,004970,86414429420.0,347771326110.0,434185755530.0
2022-12-31,004970,71452957140.0,361196323420.0,432649280560.0
2021-12-31,004970,68524331520.0,277977714530.0,346502046050.0
2020-12-31,004970,45962070010.0,326360045270.0,372322115280.0
2023-12-31,011930,66364243660.0,510155408700.0,576519652360.0
2022-12-31,011930,76231393820.0,587912286090.0,664143679910.0
2021-12-31,011930,51943331480.0,402580360780.0,454523692260.0
2020-12-31,011930,69100774050.0,413264642030.0,482365416080.0
2023-06-30,005390,706940057040.0,835637031920.0,1542577088960.0
2022-06-30,005390,623647646140.0,842163588070.0,1465811234210.0
2021-06-30,005390,471571283390.0,728331732690.0,1199903016080.0
2020-06-30,005390,389881971780.0,637360520000.0,1027242491780.0
2023-12-31,004170,3854987071620.0,2502101470520.0,6357088542140.0
2022-12-31,004170,5085184311590.0,2727570887310.0,7812755198900.0
2021-12-31,004170,3709320594240.0,2607115340010.0,6316435934250.0
2020-12-31,004170,2400449985830.0,2368829406020.0,4769279391850.0
2023-12-31,035510,89940574150.0,528982361860.0,618922936010.0
2022-12-31,035510,77776448510.0,519093946300.0,596870394810.0
2021-12-31,035510,69823870810.0,456265176960.0,526089047770.0
2020-12-31,035510,67668273740.0,412639568280.0,480307842020.0
2022-12-31,034300,71436978210.0,1360947969800.0,1432384948010.0
2021-12-31,034300,115255543180.0,1141494896410.0,1256750439590.0
2020-12-31,034300,87682221330.0,869073853810.0,956756075140.0
2023-12-31,031430,717779899340.0,469385389680.0,1187165289020.0
2022-12-31,031430,945832303530.0,608045012980.0,1553877316510.0
2021-12-31,031430,857411389110.0,593367183710.0,1450778572820.0
2020-12-31,031430,743833732660.0,581665951330.0,1325499683990.0
2023-12-31,031440,234495378130.0,1254425292920.0,1488920671050.0
2022-12-31,031440,206738022990.0,1204567146300.0,1411305169290.0
2021-12-31,031440,199612034740.0,1129639626150.0,1329251660890.0
2020-12-31,031440,159824635040.0,1080427257600.0,1240251892640.0
2022-12-31,006880,28371120350.0,181032707740.0,209403828090.0
2021-12-31,006880,23368672590.0,163075593670.0,186444266260.0
2020-12-31,006880,23582548060.0,182299192010.0,205881740070.0
2023-12-31,005800,116865320240.0,85909848510.0,202775168750.0
2022-12-31,005800,122459181940.0,78984763000.0,201443944940.0
2021-12-31,005800,114778755660.0,74634071090.0,189412826750.0
2020-12-31,005800,103667079190.0,74314328080.0,177981407270.0
2022-12-31,009270,240955711060.0,754483793250.0,995439504310.0
2021-12-31,009270,197495004710.0,681922581490.0,879417586200.0
2020-12-31,009270,148928913970.0,545367955520.0,694296869490.0
2022-12-31,002700,42577772690.0,160151217750.0,202728990440.0
2021-12-31,002700,46320303020.0,147196796790.0,193517099810.0
2020-12-31,002700,44807249950.0,127634264590.0,172441514540.0
2022-12-31,002870,1393766000.0,17387995710.0,18781761710.0
2021-12-31,002870,2764472830.0,23137939110.0,25902411940.0
2020-12-31,002870,3068553030.0,30702538280.0,33771091310.0
2022-12-31,019170,77973086320.0,131314541440.0,209287627760.0
2021-12-31,019170,77387514340.0,111849720580.0,189237234920.0
2020-12-31,019170,76527204720.0,121223562280.0,197750767000.0
2022-12-31,019175,77973086320.0,131314541440.0,209287627760.0
2021-12-31,019175,77387514340.0,111849720580.0,189237234920.0
2020-12-31,019175,76527204720.0,121223562280.0,197750767000.0
2023-12-31,404990,16472785390.0,16472785390.0
2023-06-30,404990,14939779220.0,14939779220.0
2022-12-31,404990,14932260490.0,14932260490.0
2022-09-30,404990,14693878850.0,14693878850.0
2022-06-30,404990,14602792510.0,14602792510.0
2022-03-31,404990,12136098450.0,12136098450.0
2021-12-31,404990,10582768610.0,10582768610.0
2021-06-30,404990,9587038860.0,9587038860.0
2020-12-31,404990,1852517610.0,1852517610.0
2023-09-30,293940,47859035600.0,47859035600.0
2023-03-31,293940,44944413210.0,44944413210.0
2022-12-31,293940,51053345620.0,51053345620.0
2022-09-30,293940,50563954640.0,50563954640.0
2022-06-30,293940,49238523900.0,49238523900.0
2022-03-31,293940,48207482880.0,48207482880.0
2021-12-31,293940,44037781960.0,44037781960.0
2021-09-30,293940,41845064160.0,41845064160.0
2021-06-30,293940,37418003320.0,37418003320.0
2021-03-31,293940,37796038150.0,37796038150.0
2020-09-30,293940,26357171090.0,26357171090.0
2020-03-31,293940,23086429120.0,23086429120.0
2023-12-31,004080,36036081990.0,76406698480.0,112442780470.0
2022-12-31,004080,34763392050.0,83413154610.0,118176546660.0
2021-12-31,004080,37030569850.0,89822870520.0,126853440370.0
2020-12-31,004080,30032711930.0,86619557350.0,116652269280.0
2022-12-31,102280,29297700460.0,73977271450.0,103274971910.0
2021-12-31,102280,26196222840.0,70812976550.0,97009199390.0
2020-12-31,102280,30549026020.0,66686941070.0,97235967090.0
2022-12-31,003410,410417529760.0,1554625093660.0,1965042623420.0
2021-12-31,003410,424417957170.0,1236980372890.0,1661398330060.0
2020-12-31,003410,415795096120.0,1055004077810.0,1470799173930.0
2022-12-31,004770,5269269220.0,12171794260.0,17441063480.0
2021-12-31,004770,5433295630.0,10464168690.0,15897464320.0
2020-12-31,004770,5146940860.0,11276182980.0,16423123840.0
2022-12-31,403550,397560235870.0,,397560235870.0
2021-12-31,403550,286716699860.0,2283849000.0,289000548860.0
2020-12-31,403550,220073081410.0,478444000.0,220551525410.0
2023-12-31,004920,17233972670.0,39816914450.0,57050887120.0
2022-12-31,004920,21599385080.0,35122047530.0,56721432610.0
2021-12-31,004920,20493301320.0,26736771180.0,47230072500.0
2020-12-31,004920,13554615350.0,27879123900.0,41433739250.0
2022-12-31,112610,136176657640.0,1238716660140.0,1374893317780.0
2021-12-31,112610,171387268700.0,1023649178310.0,1195036447010.0
2020-12-31,112610,147987755850.0,821079064070.0,969066819920.0
2022-12-31,308170,24652775100.0,398443781140.0,423096556240.0
2021-12-31,308170,27104500750.0,341330475550.0,368434976300.0
2020-12-31,308170,27396879670.0,289429651360.0,316826531030.0
2022-12-31,008700,48061783000.0,432325686000.0,480387469000.0
2021-12-31,008700,40337406000.0,319510962000.0,359848368000.0
2020-12-31,008700,30058747000.0,234688605000.0,264747352000.0
2023-12-31,002790,42719327560.0,,42719327560.0
2022-12-31,002790,3147170225670.0,1347786580980.0,4494956806650.0
2021-12-31,002790,3864514615300.0,1461565391980.0,5326080007280.0
2020-12-31,002790,3558957589190.0,1371125560670.0,4930083149860.0
2023-12-31,002795,42719327560.0,,42719327560.0
2022-12-31,002795,3147170225670.0,1347786580980.0,4494956806650.0
2021-12-31,002795,3864514615300.0,1461565391980.0,5326080007280.0
2020-12-31,002795,3558957589190.0,1371125560670.0,4930083149860.0
2023-12-31,090430,1575507358040.0,863928443310.0,2439435801350.0
2022-12-31,090430,2797420105270.0,1337512406840.0,4134932512110.0
2021-12-31,090430,3500489294270.0,1362639202420.0,4863128496690.0
2020-12-31,090430,3166780974640.0,1265398064750.0,4432179039390.0
2023-12-31,090435,1575507358040.0,863928443310.0,2439435801350.0
2022-12-31,090435,2797420105270.0,1337512406840.0,4134932512110.0
2021-12-31,090435,3500489294270.0,1362639202420.0,4863128496690.0
2020-12-31,090435,3166780974640.0,1265398064750.0,4432179039390.0
2023-12-31,002030,461676023470.0,1654211299690.0,2115887323160.0
2022-12-31,002030,450015533980.0,1622285055660.0,2072300589640.0
2021-12-31,002030,423105319780.0,1423398419750.0,1846503739530.0
2020-12-31,002030,321265450340.0,1205875699270.0,1527141149610.0
2023-12-31,183190,270617559190.0,929837350300.0,1200454909490.0
2022-12-31,183190,236020593060.0,804125313080.0,1040145906140.0
2021-12-31,183190,236336698630.0,656232718460.0,892569417090.0
2020-12-31,183190,171802988580.0,615744406970.0,787547395550.0
2023-12-31,002310,189180262450.0,719154140010.0,908334402460.0
2022-12-31,002310,212572177100.0,810820698000.0,1023392875100.0
2021-12-31,002310,185294711270.0,760439760300.0,945734471570.0
2020-12-31,002310,147977990370.0,583653758940.0,731631749310.0
2022-12-31,012170,1708128480.0,16874326350.0,18582454830.0
2021-12-31,012170,4203328180.0,17371113770.0,21574441950.0
2020-12-31,012170,4132444360.0,17376028410.0,21508472770.0
2022-12-31,267850,19369703940.0,161996252620.0,181365956560.0
2021-12-31,267850,16149810030.0,158572867550.0,174722677580.0
2020-12-31,267850,18426586710.0,177428488750.0,195855075460.0
2022-12-31,020560,1008894556040.0,5197774778630.0,6206669334670.0
2021-12-31,020560,374616039160.0,3965090372260.0,4339706411420.0
2020-12-31,020560,81106187160.0,3797026916420.0,3878133103580.0
2022-12-31,122900,157545474550.0,3430629221390.0,3588174695940.0
2021-12-31,122900,146308175690.0,2986183603870.0,3132491779560.0
2020-12-31,122900,142753733830.0,2696657561540.0,2839411295370.0
2022-12-31,010780,542305588960.0,1736137313340.0,2278442902300.0
2021-12-31,010780,459113610060.0,1149327314830.0,1608440924890.0
2020-12-31,010780,343527296310.0,856885420170.0,1200412716480.0
2022-12-31,139990,44137002830.0,1012033387320.0,1056170390150.0
2021-12-31,139990,96714346610.0,836695587440.0,933409934050.0
2020-12-31,139990,55618438270.0,514175277270.0,569793715540.0
2022-12-31,001780,104190412890.0,541221713160.0,645412126050.0
2021-12-31,001780,66756697530.0,438829333230.0,505586030760.0
2020-12-31,001780,69741077480.0,425524394150.0,495265471630.0
2023-12-31,018250,314727469920.0,354139481200.0,668866951120.0
2022-12-31,018250,268416638810.0,341994114290.0,610410753100.0
2021-12-31,018250,242685111890.0,331238073070.0,573923184960.0
2020-12-31,018250,257886483280.0,330249163240.0,588135646520.0
2022-12-31,161000,222145851970.0,1954291030820.0,2176436882790.0
2021-12-31,161000,157888763710.0,1412201024510.0,1570089788220.0
2020-12-31,161000,106212790960.0,802639094270.0,908851885230.0
2022-12-31,011090,1333279190.0,204623056890.0,205956336080.0
2021-12-31,011090,14017050670.0,187754640750.0,201771691420.0
2020-12-31,011090,18723420770.0,214957018790.0,233680439560.0
2022-12-31,137310,1392994661890.0,1539006778410.0,2932001440300.0
2021-12-31,137310,1593922829360.0,1336038010510.0,2929960839870.0
2020-12-31,137310,858162241010.0,828000792260.0,1686163033270.0
2022-12-31,118000,6516973750.0,12581353220.0,19098326970.0
2021-12-31,118000,5095558850.0,13517786420.0,18613345270.0
2020-12-31,118000,1128865870.0,5492355980.0,6621221850.0
2022-12-31,005850,465523409560.0,3709014525290.0,4174537934850.0
2021-12-31,005850,286661180830.0,2714481015510.0,3001142196340.0
2020-12-31,005850,254784466790.0,2250232419790.0,2505016886580.0
2022-12-31,010580,18910979780.0,117877044170.0,136788023950.0
2021-12-31,010580,-1284380820.0,74361966520.0,73077585700.0
2020-12-31,010580,2511050900.0,68199428590.0,70710479490.0
2023-12-31,012750,616898425520.0,2003912115990.0,2620810541510.0
2022-12-31,012750,591042366080.0,1876917910490.0,2467960276570.0
2021-12-31,012750,555518623590.0,1756970435410.0,2312489059000.0
2020-12-31,012750,551219761830.0,1672120747510.0,2223340509340.0
2022-12-31,023960,22333700560.0,114891112130.0,137224812690.0
2021-12-31,023960,7416490640.0,68308214010.0,75724704650.0
2020-12-31,023960,8322435250.0,64147210160.0,72469645410.0
2022-12-31,298690,-40513894910.0,445506815050.0,404992920140.0
2021-12-31,298690,-175240783300.0,351742545570.0,176501762270.0
2020-12-31,298690,-159049312650.0,348967181010.0,189917868360.0
2023-12-31,140910,784831610.0,838559660.0,1623391270.0
2022-12-31,140910,415356170.0,375034920.0,790391090.0
2021-12-31,140910,6934887350.0,374631420.0,7309518770.0
2020-12-31,140910,11633319670.0,41863164750.0,53496484420.0
2022-12-31,078520,142147812770.0,105725375670.0,247873188440.0
2021-12-31,078520,129872290860.0,133073639810.0,262945930670.0
2020-12-31,078520,146502127230.0,161015274980.0,307517402210.0
2022-12-31,015260,-2835085270.0,110293863480.0,107458778210.0
2021-12-31,015260,-7478071700.0,76763860200.0,69285788500.0
2020-12-31,015260,-6712640000.0,88790902380.0,82078262380.0
2022-12-31,007460,6153317660.0,72195990380.0,78349308040.0
2021-12-31,007460,-447279280.0,26743073350.0,26295794070.0
2020-12-31,007460,34464907640.0,92677716580.0,127142624220.0
2023-12-31,003060,-11663481450.0,99027109160.0,87363627710.0
2022-12-31,003060,27286166920.0,37904192410.0,65190359330.0
2021-12-31,003060,25444914830.0,31036786750.0,56481701580.0
2020-12-31,003060,23200975660.0,30119000540.0,53319976200.0
2022-12-31,244920,135833985050.0,134889533000.0,270723518050.0
2021-12-31,244920,130414114570.0,127606279000.0,258020393570.0
2020-12-31,244920,283808311400.0,1336185000.0,285144496400.0
2022-12-31,278470,291474644090.0,106223475240.0,397698119330.0
2021-12-31,278470,187522682630.0,71623461550.0,259146144180.0
2020-12-31,278470,161352967220.0,58586370450.0,219939337670.0
2022-12-31,450080,55269670600.0,609978608370.0,665248278970.0
2021-12-31,450080,26368322660.0,316519983730.0,342888306390.0
2022-12-31,036570,2566798146800.0,4994135000.0,2571792281800.0
2021-12-31,036570,2306952039860.0,1865369000.0,2308817408860.0
2020-12-31,036570,2411166864890.0,5017347000.0,2416184211890.0
2022-12-31,085310,8582355110.0,68105522720.0,76687877830.0
2021-12-31,085310,11684243820.0,57407375720.0,69091619540.0
2020-12-31,085310,8141815480.0,61222194690.0,69364010170.0
2022-12-31,900140,42067851000.0,207210699000.0,249278550000.0
2021-12-31,900140,24124273000.0,180736585000.0,204860858000.0
2020-12-31,900140,36180674000.0,238026525000.0,274207199000.0
2023-12-31,066970,-139635568910.0,4783725936490.0,4644090367580.0
2022-12-31,066970,351402461010.0,3535891252340.0,3887293713350.0
2021-12-31,066970,78134278490.0,892626595990.0,970760874480.0
2020-12-31,066970,23260010000.0,332845946000.0,356105956000.0
2022-12-31,097520,74601132120.0,1034036818200.0,1108637950320.0
2021-12-31,097520,88634553960.0,920639086030.0,1009273639990.0
2020-12-31,097520,127898404900.0,1183444333250.0,1311342738150.0
2023-12-31,014440,22797711880.0,67481318020.0,90279029900.0
2022-12-31,014440,20261327670.0,62727602120.0,82988929790.0
2021-12-31,014440,20131644610.0,56671375680.0,76803020290.0
2020-12-31,014440,24099366270.0,83269187210.0,107368553480.0
2022-12-31,111770,1316616720650.0,2594344183170.0,3910960903820.0
2021-12-31,111770,827580517350.0,1964937946080.0,2792518463430.0
2020-12-31,111770,628334093170.0,1838040336100.0,2466374429270.0
2022-12-31,009970,1873843612180.0,2660035593340.0,4533879205520.0
2021-12-31,009970,1227410306310.0,2013103521110.0,3240513827420.0
2020-12-31,009970,933359265970.0,1917597202390.0,2850956468360.0
2023-12-31,003520,72120727180.0,162781733000.0,234902460180.0
2022-12-31,003520,64734497580.0,153646489840.0,218380987420.0
2021-12-31,003520,57936033940.0,138131207900.0,196067241840.0
2020-12-31,003520,73463407210.0,135000232460.0,208463639670.0
2023-12-31,000670,-25948533670.0,3787681165930.0,3761732632260.0
2022-12-31,000670,219785233710.0,4209702932890.0,4429488166600.0
2021-12-31,000670,126439718390.0,3455635107970.0,3582074826360.0
2020-12-31,000670,167708337360.0,3015724439900.0,3183432777260.0
2022-12-31,006740,17097364130.0,88351674730.0,105449038860.0
2021-12-31,006740,17121177130.0,103491334410.0,120612511540.0
2020-12-31,006740,19772610340.0,78382574580.0,98155184920.0
2023-12-31,012280,16689481980.0,275622217850.0,292311699830.0
2022-12-31,012280,5749289600.0,279101553020.0,284850842620.0
2021-12-31,012280,-8238262010.0,243762033280.0,235523771270.0
2020-12-31,012280,1894207360.0,177503362210.0,179397569570.0
2022-12-31,012160,43188887470.0,484179850860.0,527368738330.0
2021-12-31,012160,44116885890.0,364485944790.0,408602830680.0
2020-12-31,012160,-140301190.0,199874565880.0,199734264690.0
2023-12-31,015360,210907780000.0,1219598064000.0,1430505844000.0
2022-12-31,015360,146605669000.0,1323561342000.0,1470167011000.0
2021-12-31,015360,202827777000.0,1087177785000.0,1290005562000.0
2020-12-31,015360,147774790000.0,953650287000.0,1101425077000.0
2022-12-31,007310,500889543550.0,2682425310110.0,3183314853660.0
2021-12-31,007310,441581359380.0,2297455499820.0,2739036859200.0
2020-12-31,007310,462284524430.0,2133596387210.0,2595880911640.0
2023-03-31,002630,9824443650.0,18994584490.0,28819028140.0
2022-03-31,002630,9013569130.0,17262893340.0,26276462470.0
2021-03-31,002630,19227505370.0,32792899800.0,52020405170.0
2020-03-31,002630,6710657560.0,30503520300.0,37214177860.0
2023-12-31,271560,1127410996360.0,1784947055110.0,2912358051470.0
2022-12-31,271560,1091167818500.0,1782078952840.0,2873246771340.0
2021-12-31,271560,946389889260.0,1409109816270.0,2355499705530.0
2020-12-31,271560,953061987660.0,1276757945970.0,2229819933630.0
2023-12-31,001800,1116543077580.0,1837263188270.0,2953806265850.0
2022-12-31,001800,1106644563410.0,1827978797220.0,2934623360630.0
2021-12-31,001800,969094987290.0,1445964162170.0,2415059149460.0
2020-12-31,001800,963401774640.0,1317085603640.0,2280487378280.0
2022-12-31,011690,13328954420.0,107189509310.0,120518463730.0
2021-12-31,011690,6141054020.0,95381645240.0,101522699260.0
2020-12-31,011690,6954483760.0,100437681710.0,107392165470.0
2022-12-31,070960,19088402490.0,124226554710.0,143314957200.0
2021-12-31,070960,50791283130.0,185538831530.0,236330114660.0
2020-12-31,070960,9109396320.0,118308328940.0,127417725260.0
2023-12-31,006980,83753588640.0,551084505530.0,634838094170.0
2022-12-31,006980,70711220870.0,541611164260.0,612322385130.0
2021-12-31,006980,68642436820.0,411832760700.0,480475197520.0
2020-12-31,006980,64868566750.0,323689571640.0,388558138390.0
2022-12-31,017370,36944117030.0,217594345190.0,254538462220.0
2021-12-31,017370,16906468600.0,245431320670.0,262337789270.0
2020-12-31,017370,19298441240.0,221366006970.0,240664448210.0
2022-12-31,105840,37279053890.0,86777604840.0,124056658730.0
2021-12-31,105840,30576654190.0,77070718540.0,107647372730.0
2020-12-31,105840,19405073090.0,69796293040.0,89201366130.0
2022-12-31,010400,1369747070.0,82675813390.0,84045560460.0
2021-12-31,010400,-53397960.0,89527528670.0,89474130710.0
2020-12-31,010400,7327241520.0,133103959540.0,140431201060.0
2022-12-31,049800,76079490730.0,178499245280.0,254578736010.0
2021-12-31,049800,62618711040.0,171370734010.0,233989445050.0
2020-12-31,049800,53164716950.0,151831417140.0,204996134090.0
2022-12-31,016880,489339677810.0,560501614260.0,1049841292070.0
2021-12-31,016880,450727864430.0,529138371150.0,979866235580.0
2020-12-31,016880,392561783590.0,493677602490.0,886239386080.0
2022-12-31,095720,467478012700.0,465806583700.0,933284596400.0
2021-12-31,095720,428119845140.0,385756087060.0,813875932200.0
2020-12-31,095720,374649251460.0,271486335400.0,646135586860.0
2022-12-31,005820,15682949960.0,66244220640.0,81927170600.0
2021-12-31,005820,14478703310.0,65204426210.0,79683129520.0
2020-12-31,005820,16644562760.0,51722330320.0,68366893080.0
2022-12-31,010600,22787246780.0,168150152570.0,190937399350.0
2021-12-31,010600,9728300460.0,111895024370.0,121623324830.0
2020-12-31,010600,6407674920.0,54023729810.0,60431404730.0
2022-12-31,008600,43046184350.0,211811894100.0,254858078450.0
2021-12-31,008600,49468472380.0,227014588500.0,276483060880.0
2020-12-31,008600,44711319840.0,194900745820.0,239612065660.0
2022-12-31,033270,145287609110.0,117234413440.0,262522022550.0
2021-12-31,033270,122659739830.0,98380223080.0,221039962910.0
2020-12-31,033270,125191994190.0,90757558460.0,215949552650.0
2022-12-31,014830,287282769640.0,1117619691970.0,1404902461610.0
2021-12-31,014830,252560572120.0,624549772800.0,877110344920.0
2020-12-31,014830,205900109910.0,684560248630.0,890460358540.0
2022-12-31,446070,4634339510.0,24586942640.0,29221282150.0
2022-12-31,000910,34661464280.0,200319712500.0,234981176780.0
2021-12-31,000910,34224821980.0,181697803930.0,215922625910.0
2020-12-31,000910,33123935590.0,156068717420.0,189192653010.0
2022-12-31,047400,15926303220.0,110220534140.0,126146837360.0
2021-12-31,047400,12709977060.0,105551501380.0,118261478440.0
2020-12-31,047400,11876621600.0,81631944020.0,93508565620.0
2022-12-31,011330,19470959060.0,100973686510.0,120444645570.0
2021-12-31,011330,25344878370.0,97998491390.0,123343369760.0
2020-12-31,011330,26283616910.0,99965164830.0,126248781740.0
2022-12-31,077500,77033110010.0,662426688280.0,739459798290.0
2021-12-31,077500,57822827840.0,533160403060.0,590983230900.0
2020-12-31,077500,37257822300.0,365551605000.0,402809427300.0
2022-12-31,002920,19647978500.0,277108375480.0,296756353980.0
2021-12-31,002920,20105857420.0,256286116960.0,276391974380.0
2020-12-31,002920,9705288440.0,231840380800.0,241545669240.0
2022-12-31,000700,94669363920.0,462938004600.0,557607368520.0
2021-12-31,000700,81047873330.0,422656444370.0,503704317700.0
2020-12-31,000700,55114755650.0,279698770890.0,334813526540.0
2022-12-31,072130,14945577580.0,15099325280.0,30044902860.0
2021-12-31,072130,15272209310.0,14409599700.0,29681809010.0
2020-12-31,072130,13301816320.0,13761528770.0,27063345090.0
2022-12-31,000220,53313143640.0,85567912700.0,138881056340.0
2021-12-31,000220,45335385320.0,70320099670.0,115655484990.0
2020-12-31,000220,45268954610.0,52850891790.0,98119846400.0
2022-12-31,000225,53313143640.0,85567912700.0,138881056340.0
2021-12-31,000225,45335385320.0,70320099670.0,115655484990.0
2020-12-31,000225,45268954610.0,52850891790.0,98119846400.0
2022-12-31,000227,53313143640.0,85567912700.0,138881056340.0
2021-12-31,000227,45335385320.0,70320099670.0,115655484990.0
2020-12-31,000227,45268954610.0,52850891790.0,98119846400.0
2023-12-31,000100,522165822330.0,1286916217930.0,1809082040260.0
2022-12-31,000100,518201541930.0,1257645400810.0,1775846942740.0
2021-12-31,000100,524650529280.0,1163159788460.0,1687810317740.0
2020-12-31,000100,558422517550.0,1061442785130.0,1619865302680.0
2023-12-31,000105,522165822330.0,1286916217930.0,1809082040260.0
2022-12-31,000105,518201541930.0,1257645400810.0,1775846942740.0
2021-12-31,000105,524650529280.0,1163159788460.0,1687810317740.0
2020-12-31,000105,558422517550.0,1061442785130.0,1619865302680.0
2022-12-31,008730,40025371990.0,468918717600.0,508944089590.0
2021-12-31,008730,53119902960.0,485614294730.0,538734197690.0
2020-12-31,008730,70141688380.0,450512881330.0,520654569710.0
2022-12-31,008250,59972249930.0,269358001040.0,329330250970.0
2021-12-31,008250,60642918120.0,216187235090.0,276830153210.0
2020-12-31,008250,32405310170.0,224530606260.0,256935916430.0
2022-12-31,025820,20810130700.0,408808621520.0,429618752220.0
2021-12-31,025820,42157512600.0,292199219350.0,334356731950.0
2020-12-31,025820,10684481790.0,192251963170.0,202936444960.0
2022-12-31,214320,765119714350.0,985287910090.0,1750407624440.0
2021-12-31,214320,668599355480.0,833435045480.0,1502034400960.0
2020-12-31,214320,585960973650.0,635111440280.0,1221072413930.0
2023-12-31,088260,22290715020.0,22290715020.0
2023-06-30,088260,21843544090.0,21843544090.0
2022-12-31,088260,21669192170.0,21669192170.0
2022-09-30,088260,21440080540.0,21440080540.0
2022-06-30,088260,21329442470.0,21329442470.0
2021-12-31,088260,21304182840.0,21304182840.0
2021-06-30,088260,21226173440.0,21226173440.0
2020-12-31,088260,21179550410.0,21179550410.0
2020-06-30,088260,21112409000.0,21112409000.0
2022-12-31,139480,8322734227830.0,21009679618050.0,29332413845880.0
2021-12-31,139480,6749156116460.0,18183524819210.0,24932680935670.0
2020-12-31,139480,5808803670620.0,16224206310240.0,22033009980860.0
2022-12-31,007660,163902587850.0,479017945410.0,642920533260.0
2021-12-31,007660,85499798730.0,384121295400.0,469621094130.0
2020-12-31,007660,51173296140.0,342055377230.0,393228673370.0
2022-12-31,005950,150442961100.0,2057204709740.0,2207647670840.0
2021-12-31,005950,185010929150.0,1518326186880.0,1703337116030.0
2020-12-31,005950,128099975160.0,1185195231820.0,1313295206980.0
2022-12-31,015020,451201040.0,7175531000.0,7626732040.0
2021-12-31,015020,3071990060.0,3988659350.0,7060649410.0
2020-12-31,015020,3062166390.0,2830331340.0,5892497730.0
2022-12-31,093230,12776723970.0,256397766040.0,269174490010.0
2021-12-31,093230,786647770.0,221644517120.0,222431164890.0
2020-12-31,093230,18338583760.0,146876266060.0,165214849820.0
2022-12-31,074610,3142419490.0,23752860090.0,26895279580.0
2021-12-31,074610,8989390170.0,46405916860.0,55395307030.0
2020-12-31,074610,1188498020.0,26258659640.0,27447157660.0
2022-12-31,102460,81727928760.0,72310910500.0,154038839260.0
2021-12-31,102460,79437719530.0,63363648010.0,142801367540.0
2020-12-31,102460,72584717610.0,57449435580.0,130034153190.0
2023-12-31,084680,40752521910.0,74523203050.0,115275724960.0
2022-12-31,084680,50024529810.0,76437433130.0,126461962940.0
2021-12-31,084680,44860419480.0,80917135130.0,125777554610.0
2020-12-31,084680,40352567100.0,91131237460.0,131483804560.0
2023-06-30,350520,15240623110.0,15240623110.0
2022-12-31,350520,66398888880.0,66398888880.0
2022-06-30,350520,31334228050.0,31334228050.0
2021-12-31,350520,9160588940.0,9160588940.0
2021-06-30,350520,2982429940.0,2982429940.0
2020-12-31,350520,7723037020.0,7723037020.0
2020-06-30,350520,,
2023-08-31,334890,53573815670.0,53573815670.0
2023-05-31,334890,5923674810.0,5923674810.0
2023-02-28,334890,43416383600.0,43416383600.0
2022-08-31,334890,47138389950.0,47138389950.0
2022-02-28,334890,6923728390.0,6923728390.0
2021-08-31,334890,23296478070.0,23296478070.0
2021-02-28,334890,2845618200.0,2845618200.0
2020-08-31,334890,37416791300.0,37416791300.0
2022-12-31,000760,10122769480.0,48511181430.0,58633950910.0
2021-12-31,000760,10306868050.0,47468243840.0,57775111890.0
2020-12-31,000760,7509788580.0,43616005270.0,51125793850.0
2022-12-31,014990,66668515150.0,68664547760.0,135333062910.0
2021-12-31,014990,70570231850.0,78128706270.0,148698938120.0
2020-12-31,014990,70202519500.0,82548235320.0,152750754820.0
2022-12-31,101140,2562715060.0,8841015860.0,11403730920.0
2021-12-31,101140,1958763790.0,8522053920.0,10480817710.0
2020-12-31,101140,812059190.0,9405652420.0,10217711610.0
2022-12-31,006490,34216408840.0,42461912950.0,76678321790.0
2021-12-31,006490,34172349120.0,37493176090.0,71665525210.0
2020-12-31,006490,32626126140.0,25191686790.0,57817812930.0
2022-12-31,023800,78358951760.0,491661898570.0,570020850330.0
2021-12-31,023800,52924784420.0,431930824600.0,484855609020.0
2020-12-31,023800,46711669060.0,411942452330.0,458654121390.0
2023-12-31,034590,78032583180.0,703304469290.0,781337052470.0
2022-12-31,034590,68406869010.0,660082578700.0,728489447710.0
2021-12-31,034590,61909309980.0,442296970670.0,504206280650.0
2020-12-31,034590,68778333260.0,435713376790.0,504491710050.0
2023-12-31,129260,48603493080.0,563035940460.0,611639433540.0
2022-12-31,129260,59061334920.0,660922337790.0,719983672710.0
2021-12-31,129260,40681906870.0,548200133070.0,588882039940.0
2020-12-31,129260,30154870970.0,428161955360.0,458316826330.0
2022-12-31,023810,74904024670.0,437336464190.0,512240488860.0
2021-12-31,023810,60940160480.0,378334327690.0,439274488170.0
2020-12-31,023810,57554673150.0,326635483950.0,384190157100.0
2023-12-31,249420,213845994880.0,386911844710.0,600757839590.0
2022-12-31,249420,236343382070.0,401371107740.0,637714489810.0
2021-12-31,249420,219438525040.0,340693101260.0,560131626300.0
2020-12-31,249420,238413893360.0,323431206810.0,561845100170.0
2023-12-31,000230,212237806330.0,426209711340.0,638447517670.0
2022-12-31,000230,239129616480.0,436410100850.0,675539717330.0
2021-12-31,000230,220834310850.0,371540235070.0,592374545920.0
2020-12-31,000230,246592948310.0,349875965190.0,596468913500.0
2022-12-31,013360,36752620420.0,425848994160.0,462601614580.0
2021-12-31,013360,43705914020.0,372476014360.0,416181928380.0
2020-12-31,013360,30010396890.0,310951480820.0,340961877710.0
2023-12-31,003120,36086444760.0,41966787360.0,78053232120.0
2022-12-31,003120,27935137920.0,33312708610.0,61247846530.0
2021-12-31,003120,16135081200.0,25954754610.0,42089835810.0
2020-12-31,003120,13182127660.0,27418604590.0,40600732250.0
2022-12-31,003200,64511308600.0,528547459800.0,593058768400.0
2021-12-31,003200,136868180050.0,464160407620.0,601028587670.0
2020-12-31,003200,89873500340.0,374997993040.0,464871493380.0
2022-12-31,007110,13971871920.0,123699118820.0,137670990740.0
2021-12-31,007110,9859601350.0,64883371220.0,74742972570.0
2020-12-31,007110,9702178850.0,49039873060.0,58742051910.0
2023-12-31,007570,109668194870.0,149374068380.0,259042263250.0
2022-12-31,007570,216028224350.0,167782597430.0,383810821780.0
2021-12-31,007570,204402628150.0,166944879890.0,371347508040.0
2020-12-31,007570,181708823200.0,161619900750.0,343328723950.0
2023-12-31,007575,109668194870.0,149374068380.0,259042263250.0
2022-12-31,007575,216028224350.0,167782597430.0,383810821780.0
2021-12-31,007575,204402628150.0,166944879890.0,371347508040.0
2020-12-31,007575,181708823200.0,161619900750.0,343328723950.0
2022-12-31,008500,-1005797150.0,32122721500.0,31116924350.0
2021-12-31,008500,-2509149310.0,33032275260.0,30523125950.0
2020-12-31,008500,-2130331250.0,33460661420.0,31330330170.0
2023-12-31,081000,31276359910.0,123181510580.0,154457870490.0
2022-12-31,081000,41413237150.0,145423576880.0,186836814030.0
2021-12-31,081000,48343100390.0,139320875570.0,187663975960.0
2020-12-31,081000,48094764210.0,120562021770.0,168656785980.0
2022-12-31,020760,7700296620.0,116647545660.0,124347842280.0
2021-12-31,020760,-24267527950.0,125708111830.0,101440583880.0
2020-12-31,020760,-16988045840.0,83845822830.0,66857776990.0
2023-12-31,103590,117328813970.0,1129402833210.0,1246731647180.0
2022-12-31,103590,96208704850.0,1068497385360.0,1164706090210.0
2021-12-31,103590,79342986370.0,853019534210.0,932362520580.0
2020-12-31,103590,73336494010.0,634594295700.0,707930789710.0
2023-12-31,271940,9684516980.0,69055641720.0,78740158700.0
2022-12-31,271940,23522338100.0,85558488330.0,109080826430.0
2021-12-31,271940,30830029820.0,86860689050.0,117690718870.0
2020-12-31,271940,41321877710.0,72203062490.0,113524940200.0
2023-12-31,015860,187021971580.0,1284874051010.0,1471896022590.0
2022-12-31,015860,181817432970.0,1252070856360.0,1433888289330.0
2021-12-31,015860,165824913980.0,1024247081790.0,1190071995770.0
2020-12-31,015860,152222329390.0,781777770490.0,934000099880.0
2022-12-31,226320,73363819430.0,57350313350.0,130714132780.0
2021-12-31,226320,76279488880.0,63898305150.0,140177794030.0
2020-12-31,226320,79039081650.0,67339277100.0,146378358750.0
2022-12-31,317400,297391388870.0,2181619544070.0,2479010932940.0
2021-12-31,317400,64369700830.0,371361128630.0,435730829460.0
2020-12-31,317400,39368827600.0,316843577600.0,356212405200.0
2022-12-31,033240,58107035870.0,234226455350.0,292333491220.0
2021-12-31,033240,65423202960.0,282431307910.0,347854510870.0
2020-12-31,033240,27432600950.0,273254213160.0,300686814110.0
2023-12-31,000950,-25946977140.0,120719387780.0,94772410640.0
2022-12-31,000950,-29069426810.0,153983475910.0,124914049100.0
2021-12-31,000950,13025953500.0,120719273830.0,133745227330.0
2020-12-31,000950,-12597653620.0,117749882060.0,105152228440.0
2023-06-30,348950,57258989170.0,57258989170.0
2022-12-31,348950,54906441290.0,54906441290.0
2022-09-30,348950,49625375520.0,49625375520.0
2022-06-30,348950,49076484230.0,49076484230.0
2021-12-31,348950,46271022110.0,46271022110.0
2021-06-30,348950,54335985780.0,54335985780.0
2020-12-31,348950,42374581320.0,42374581320.0
2020-06-30,348950,,
2022-12-31,194370,173259150850.0,801807090140.0,975066240990.0
2021-12-31,194370,156276834540.0,830746843410.0,987023677950.0
2020-12-31,194370,56703573390.0,346115401400.0,402818974790.0
2022-12-31,025620,904527070.0,5341717430.0,6246244500.0
2021-12-31,025620,716437990.0,14261359080.0,14977797070.0
2020-12-31,025620,5936410830.0,24582818660.0,30519229490.0
2023-12-31,030000,1618937945740.0,2519336850290.0,4138274796030.0
2022-12-31,030000,1538349650180.0,2715017609820.0,4253367260000.0
2021-12-31,030000,1279565877210.0,2046146430310.0,3325712307520.0
2020-12-31,030000,1104456588230.0,1643465292790.0,2747921881020.0
2023-12-31,271980,184255892500.0,542137865530.0,726393758030.0
2022-12-31,271980,156798158800.0,565431765660.0,722229924460.0
2021-12-31,271980,155976388680.0,544716840460.0,700693229140.0
2020-12-31,271980,156691165700.0,534633670980.0,691324836680.0
2022-12-31,001560,17220441810.0,66214799990.0,83435241800.0
2021-12-31,001560,17389317820.0,62358583460.0,79747901280.0
2020-12-31,001560,13256167770.0,59908590310.0,73164758080.0
2023-12-31,002620,214584390960.0,589458610770.0,804043001730.0
2022-12-31,002620,180483125730.0,612481607520.0,792964733250.0
2021-12-31,002620,180506794320.0,582061261970.0,762568056290.0
2020-12-31,002620,191239304060.0,570757448060.0,761996752120.0
2022-12-31,089590,-63890394700.0,766393670500.0,702503275800.0
2021-12-31,089590,-227071058440.0,500150257520.0,273079199080.0
2020-12-31,089590,-230545138180.0,607590798880.0,377045660700.0
2022-12-31,004910,36168603230.0,224302134670.0,260470737900.0
2021-12-31,004910,25991423910.0,212556376260.0,238547800170.0
2020-12-31,004910,29253890470.0,172049354630.0,201303245100.0
2022-12-31,004700,9781304250.0,112224478970.0,122005783220.0
2021-12-31,004700,22500552960.0,81747995620.0,104248548580.0
2020-12-31,004700,25964307250.0,71352116120.0,97316423370.0
2022-12-31,001550,28291370260.0,120263547570.0,148554917830.0
2021-12-31,001550,17605101890.0,66992413470.0,84597515360.0
2020-12-31,001550,17989727750.0,55664851430.0,73654579180.0
2023-12-31,462520,58110704490.0,221256203800.0,279366908290.0
2022-12-31,120030,15844155340.0,51132005150.0,66976160490.0
2021-12-31,120030,20241170870.0,47914703940.0,68155874810.0
2020-12-31,120030,18558107440.0,40959234350.0,59517341790.0
2023-12-31,018470,21118282600.0,444665572740.0,465783855340.0
2022-12-31,018470,27838540030.0,534546742970.0,562385283000.0
2021-12-31,018470,29829252360.0,437103250750.0,466932503110.0
2020-12-31,018470,6969177710.0,325944200120.0,332913377830.0
2023-12-31,002600,40763164090.0,365182445330.0,405945609420.0
2022-12-31,002600,34266411360.0,289769341090.0,324035752450.0
2021-12-31,002600,35049300490.0,215811944480.0,250861244970.0
2020-12-31,002600,25421207610.0,197183088260.0,222604295870.0
2022-12-31,185750,542639392090.0,945705336550.0,1488344728640.0
2021-12-31,185750,495818283600.0,847741079310.0,1343559362910.0
2020-12-31,185750,489139818960.0,813865705430.0,1303005524390.0
2022-12-31,063160,16789926530.0,139252400510.0,156042327040.0
2021-12-31,063160,13305929880.0,128932488520.0,142238418400.0
2020-12-31,063160,27864137720.0,96735821690.0,124599959410.0
2022-12-31,001630,399187808610.0,509774955520.0,908962764130.0
2021-12-31,001630,441409036200.0,484566040210.0,925975076410.0
2020-12-31,001630,413895539170.0,444223241570.0,858118780740.0
2022-12-31,109070,3244396170.0,25526839170.0,28771235340.0
2021-12-31,109070,7544420230.0,32402072090.0,39946492320.0
2020-12-31,109070,2434910410.0,18012914100.0,20447824510.0
2022-12-31,044380,533147390.0,66134436200.0,66667583590.0
2021-12-31,044380,5661173030.0,82587109750.0,88248282780.0
2020-12-31,044380,5607920620.0,57052723800.0,62660644420.0
2023-12-31,013890,293461346690.0,658821579430.0,952282926120.0
2022-12-31,013890,335782009290.0,823823650990.0,1159605660280.0
2021-12-31,013890,312604248360.0,811238845610.0,1123843093970.0
2020-12-31,013890,317554604290.0,671970177660.0,989524781950.0
2022-12-31,013870,86260809500.0,524245300470.0,610506109970.0
2021-12-31,013870,73353309330.0,457978871210.0,531332180540.0
2020-12-31,013870,52160487130.0,393609941620.0,445770428750.0
2022-12-31,071320,-291229636820.0,4464256773240.0,4173027136420.0
2021-12-31,071320,151310654670.0,2385487355040.0,2536798009710.0
2020-12-31,071320,243218141330.0,1855688158340.0,2098906299670.0
2022-12-31,088790,30531640550.0,32885375720.0,63417016270.0
2021-12-31,088790,26793125570.0,32168337420.0,58961462990.0
2020-12-31,088790,23627262050.0,30842096120.0,54469358170.0
2023-12-31,003780,17115317990.0,69756213580.0,86871531570.0
2022-12-31,003780,13854773590.0,69818437430.0,83673211020.0
2021-12-31,003780,14228899870.0,62121528760.0,76350428630.0
2020-12-31,003780,14517914710.0,49796426040.0,64314340750.0
2023-12-31,010640,9405862950.0,45106287140.0,54512150090.0
2022-12-31,010640,8450575130.0,44269914630.0,52720489760.0
2021-12-31,010640,9342628370.0,43726787340.0,53069415710.0
2020-12-31,010640,6312607340.0,30803532960.0,37116140300.0
2023-12-31,100250,12709532620.0,3341332020.0,16050864640.0
2022-12-31,100250,33309118070.0,201248484730.0,234557602800.0
2021-12-31,100250,31325073500.0,193466354270.0,224791427770.0
2020-12-31,100250,34411702630.0,177128217870.0,211539920500.0
2023-12-31,051630,2696540010.0,25584867510.0,28281407520.0
2022-12-31,051630,2666323390.0,26423690480.0,29090013870.0
2021-12-31,051630,727639730.0,34057601070.0,34785240800.0
2020-12-31,051630,4889170400.0,38399099860.0,43288270260.0
2023-12-31,272450,279602846010.0,997618975950.0,1277221821960.0
2022-12-31,272450,-9134067200.0,602562565490.0,593428498290.0
2021-12-31,272450,-145095676470.0,392286830090.0,247191153620.0
2020-12-31,272450,-145726803240.0,417495880870.0,271769077630.0
2022-12-31,011000,9335810590.0,39382489580.0,48718300170.0
2021-12-31,011000,8757440740.0,29942914570.0,38700355310.0
2020-12-31,011000,11411977840.0,30090751130.0,41502728970.0
2022-12-31,002780,73264778310.0,555671270550.0,628936048860.0
2021-12-31,002780,66395970180.0,377848813700.0,444244783880.0
2020-12-31,002780,41068056970.0,336179194770.0,377247251740.0
2022-12-31,002787,73264778310.0,555671270550.0,628936048860.0
2021-12-31,002787,66395970180.0,377848813700.0,444244783880.0
2020-12-31,002787,41068056970.0,336179194770.0,377247251740.0
2022-12-31,002785,73264778310.0,555671270550.0,628936048860.0
2021-12-31,002785,66395970180.0,377848813700.0,444244783880.0
2020-12-31,002785,41068056970.0,336179194770.0,377247251740.0
2022-12-31,009310,42329068200.0,128257285780.0,170586353980.0
2021-12-31,009310,41906779070.0,108656199100.0,150562978170.0
2020-12-31,009310,45267901720.0,123404627130.0,168672528850.0
2022-12-31,000650,-1536713700.0,39239893100.0,37703179400.0
2021-12-31,000650,-4210755200.0,33553709700.0,29342954500.0
2020-12-31,000650,-3716177940.0,34875606060.0,31159428120.0
2022-12-31,012600,1003591000.0,21498981180.0,22502572180.0
2021-12-31,012600,3651775760.0,14497848360.0,18149624120.0
2020-12-31,012600,2493443800.0,26692009320.0,29185453120.0
2023-06-30,033250,6837893430.0,53696411950.0,60534305380.0
2022-06-30,033250,-3189669480.0,36006776660.0,32817107180.0
2021-06-30,033250,2087479470.0,40817809130.0,42905288600.0
2020-06-30,033250,2493608010.0,47676980440.0,50170588450.0
2022-12-31,035720,6623403507940.0,483433353000.0,7106836860940.0
2021-12-31,035720,5808452877660.0,328216290000.0,6136669167660.0
2020-12-31,035720,3870770586720.0,286045534000.0,4156816120720.0
2023-12-31,377300,615362834400.0,,615362834400.0
2022-12-31,377300,521364289080.0,,521364289080.0
2021-12-31,377300,458646799070.0,,458646799070.0
2020-12-31,377300,284370768830.0,302280263270.0,284370768830.0
2022-12-31,006380,-114729894970.0,541917216460.0,427187321490.0
2021-12-31,006380,15168689660.0,567260455990.0,582429145650.0
2020-12-31,006380,-47611874210.0,302334600560.0,254722726350.0
2022-12-31,001620,54508713530.0,559663562290.0,614172275820.0
2021-12-31,001620,-20455991080.0,541896965640.0,521440974560.0
2020-12-31,001620,26069760240.0,504717189850.0,530786950090.0
2022-12-31,029460,169180508240.0,688793147010.0,857973655250.0
2021-12-31,029460,114747227540.0,439016166980.0,553763394520.0
2020-12-31,029460,119795790080.0,456570136620.0,576365926700.0
2022-12-31,281820,131096593790.0,247096356380.0,378192950170.0
2021-12-31,281820,106692936710.0,237853302970.0,344546239680.0
2020-12-31,281820,102387955960.0,217506749180.0,319894705140.0
2022-12-31,381970,200002890020.0,1977259083570.0,2177261973590.0
2021-12-31,381970,205536722900.0,1696857501550.0,1902394224450.0
2020-12-31,381970,143791340080.0,1179322430920.0,1323113771000.0
2023-12-31,145270,26893075400.0,26893075400.0
2022-12-31,145270,21632033140.0,21632033140.0
2021-12-31,145270,31950264580.0,31950264580.0
2020-12-31,145270,21189661300.0,21189661300.0
2023-11-30,417310,7139114940.0,7139114940.0
2023-08-31,417310,7235785200.0,7235785200.0
2023-05-31,417310,6959091520.0,6959091520.0
2023-02-28,417310,6933464140.0,6933464140.0
2022-11-30,417310,6891406450.0,6891406450.0
2022-08-31,417310,6908390060.0,6908390060.0
2022-05-31,417310,6835949480.0,6835949480.0
2022-02-28,417310,4557339980.0,4557339980.0
2021-12-31,417310,13440087960.0,13440087960.0
2021-06-30,417310,13199139890.0,13199139890.0
2023-11-30,357120,31480225980.0,31480225980.0
2023-05-31,357120,35667675940.0,35667675940.0
2022-11-30,357120,34376966180.0,34376966180.0
2022-08-31,357120,29946739800.0,29946739800.0
2022-05-31,357120,26811084480.0,26811084480.0
2022-02-28,357120,43473281740.0,43473281740.0
2021-11-30,357120,40987464520.0,40987464520.0
2021-05-31,357120,24230931230.0,24230931230.0
2020-11-30,357120,24513055230.0,24513055230.0
2022-12-31,007815,160618467070.0,1436256685050.0,1596875152120.0
2021-12-31,007815,149033705590.0,1275134797160.0,1424168502750.0
2020-12-31,007815,42323374300.0,859797912990.0,902121287290.0
2022-12-31,007810,160618467070.0,1436256685050.0,1596875152120.0
2021-12-31,007810,149033705590.0,1275134797160.0,1424168502750.0
2020-12-31,007810,42323374300.0,859797912990.0,902121287290.0
2022-12-31,00781K,160618467070.0,1436256685050.0,1596875152120.0
2021-12-31,00781K,149033705590.0,1275134797160.0,1424168502750.0
2020-12-31,00781K,42323374300.0,859797912990.0,902121287290.0
2022-12-31,192820,205269949740.0,1394855820450.0,1600125770190.0
2021-12-31,192820,277511153620.0,1313976467880.0,1591487621500.0
2020-12-31,192820,210839293180.0,1172041395340.0,1382880688520.0
2022-12-31,044820,88170726300.0,529233048720.0,617403775020.0
2021-12-31,044820,91958249420.0,484039952220.0,575998201640.0
2020-12-31,044820,67417489980.0,458486816490.0,525904306470.0
2023-12-31,005070,58205791910.0,571372981170.0,629578773080.0
2022-12-31,005070,54610501040.0,430994742510.0,485605243550.0
2021-12-31,005070,39963018210.0,265930076790.0,305893095000.0
2020-12-31,005070,28303950690.0,175948767600.0,204252718290.0
2022-12-31,005420,80745016640.0,637449553460.0,718194570100.0
2021-12-31,005420,64268708560.0,448345639570.0,512614348130.0
2020-12-31,005420,34947097940.0,320554873470.0,355501971410.0
2022-12-31,071950,23591378750.0,74295091960.0,97886470710.0
2021-12-31,071950,23238099170.0,87531686600.0,110769785770.0
2020-12-31,071950,25685426840.0,72537510260.0,98222937100.0
2022-12-31,002020,685491999960.0,4974430374730.0,5659922374690.0
2021-12-31,002020,662899577790.0,4747515379210.0,5410414957000.0
2020-12-31,002020,597579299660.0,4292571236910.0,4890150536570.0
2022-12-31,003070,329004928370.0,2273071946300.0,2602076874670.0
2021-12-31,003070,332835812730.0,2396984886570.0,2729820699300.0
2020-12-31,003070,424609022510.0,3503615300660.0,3928224323170.0
2022-12-31,003075,329004928370.0,2273071946300.0,2602076874670.0
2021-12-31,003075,332835812730.0,2396984886570.0,2729820699300.0
2020-12-31,003075,424609022510.0,3503615300660.0,3928224323170.0
2022-12-31,002025,685491999960.0,4974430374730.0,5659922374690.0
2021-12-31,002025,662899577790.0,4747515379210.0,5410414957000.0
2020-12-31,002025,597579299660.0,4292571236910.0,4890150536570.0
2022-12-31,120110,1481175552630.0,3886298003440.0,5367473556070.0
2021-12-31,120110,1301878560170.0,3360171835270.0,4662050395440.0
2020-12-31,120110,1035691372810.0,2934572593300.0,3970263966110.0
2022-12-31,120115,1481175552630.0,3886298003440.0,5367473556070.0
2021-12-31,120115,1301878560170.0,3360171835270.0,4662050395440.0
2020-12-31,120115,1035691372810.0,2934572593300.0,3970263966110.0
2022-12-31,138490,100797615460.0,417278246140.0,518075861600.0
2021-12-31,138490,75428116180.0,329844108670.0,405272224850.0
2020-12-31,138490,36917154690.0,258265371660.0,295182526350.0
2023-12-31,021240,2571479957830.0,1395039764090.0,3966519721920.0
2022-12-31,021240,2486491838820.0,1369641056260.0,3856132895080.0
2021-12-31,021240,2388937988200.0,1275321568580.0,3664259556780.0
2020-12-31,021240,2193497480820.0,1043913994270.0,3237411475090.0
2022-12-31,036420,191483500010.0,660567347580.0,852050847590.0
2021-12-31,036420,159484028860.0,517645928440.0,677129957300.0
2020-12-31,036420,124959074550.0,235268925130.0,360227999680.0
2022-12-31,031820,102712488580.0,607134733290.0,709847221870.0
2021-12-31,031820,62022095920.0,320477974130.0,382500070050.0
2020-12-31,031820,31973050690.0,206657586440.0,238630637130.0
2022-12-31,192400,276666285080.0,478982152660.0,755648437740.0
2021-12-31,192400,274836234300.0,410273039560.0,685109273860.0
2020-12-31,192400,252614974550.0,335179648110.0,587794622660.0
2022-12-31,284740,570533083050.0,367539586930.0,938072669980.0
2021-12-31,284740,507749120040.0,336535385850.0,844284505890.0
2020-12-31,284740,497107215410.0,289528251030.0,786635466440.0
2022-12-31,264900,129892676150.0,283745788590.0,413638464740.0
2021-12-31,264900,122992947650.0,258219268090.0,381212215740.0
2020-12-31,264900,132794811230.0,248743828630.0,381538639860.0
2022-12-31,26490K,129892676150.0,283745788590.0,413638464740.0
2021-12-31,26490K,122992947650.0,258219268090.0,381212215740.0
2020-12-31,26490K,132794811230.0,248743828630.0,381538639860.0
2022-12-31,005740,296951367220.0,682120087340.0,979071454560.0
2021-12-31,005740,298385421000.0,629792510980.0,928177931980.0
2020-12-31,005740,322609119050.0,600613400630.0,923222519680.0
2022-12-31,005745,296951367220.0,682120087340.0,979071454560.0
2021-12-31,005745,298385421000.0,629792510980.0,928177931980.0
2020-12-31,005745,322609119050.0,600613400630.0,923222519680.0
2023-12-31,259960,1910576180280.0,1910576180280.0
2022-12-31,259960,1854016090520.0,1854016090520.0
2021-12-31,259960,1885351810710.0,1885351810710.0
2020-12-31,259960,1670427918620.0,1670427918620.0
2022-12-31,020120,67560281270.0,101873493490.0,169433774760.0
2021-12-31,020120,51038262070.0,68079893830.0,119118155900.0
2020-12-31,020120,17273807700.0,28232967870.0,45506775570.0
2022-12-31,014580,73293315480.0,271757896550.0,345051212030.0
2021-12-31,014580,55812132640.0,139344910900.0,195157043540.0
2020-12-31,014580,43181353710.0,122163915940.0,165345269650.0
2022-12-31,015890,149089291440.0,584295066290.0,733384357730.0
2021-12-31,015890,125460347280.0,391310517620.0,516770864900.0
2020-12-31,015890,96976544590.0,333660187900.0,430636732490.0
2023-12-31,006890,31624490070.0,39123731110.0,70748221180.0
2022-12-31,006890,23317559110.0,36295919380.0,59613478490.0
2021-12-31,006890,23211426660.0,30854760220.0,54066186880.0
2020-12-31,006890,17892507210.0,29168031590.0,47060538800.0
2022-12-31,003240,88971793470.0,2614879495890.0,2703851289360.0
2021-12-31,003240,562783724510.0,2029062525480.0,2591846249990.0
2020-12-31,003240,255214993480.0,1485373233920.0,1740588227400.0
2023-12-31,011280,105766861870.0,613830904720.0,719597766590.0
2022-12-31,011280,115375076000.0,668647379980.0,784022455980.0
2021-12-31,011280,106785449880.0,606081674550.0,712867124430.0
2020-12-31,011280,80133724050.0,481878309510.0,562012033560.0
2022-12-31,004100,70897227240.0,498605541790.0,569502769030.0
2021-12-31,004100,51358592150.0,411687305970.0,463045898120.0
2020-12-31,004100,43194503840.0,361238334090.0,404432837930.0
2022-12-31,004105,70897227240.0,498605541790.0,569502769030.0
2021-12-31,004105,51358592150.0,411687305970.0,463045898120.0
2020-12-31,004105,43194503840.0,361238334090.0,404432837930.0
2022-12-31,009410,258450621730.0,2346646110450.0,2605096732180.0
2021-12-31,009410,364865092660.0,2386845540630.0,2751710633290.0
2020-12-31,009410,421088707890.0,1860422953160.0,2281511661050.0
2022-12-31,009415,258450621730.0,2346646110450.0,2605096732180.0
2021-12-31,009415,364865092660.0,2386845540630.0,2751710633290.0
2020-12-31,009415,421088707890.0,1860422953160.0,2281511661050.0
2023-12-31,001420,306366930.0,8905947480.0,9212314410.0
2022-12-31,001420,489352320.0,10465298720.0,10954651040.0
2021-12-31,001420,500063830.0,9327540340.0,9827604170.0
2020-12-31,001420,624079490.0,15714813200.0,16338892690.0
2022-12-31,007980,186680058210.0,897926964610.0,1084607022820.0
2021-12-31,007980,118963020450.0,773964633560.0,892927654010.0
2020-12-31,007980,109145894990.0,675894446670.0,785040341660.0
2023-12-31,055490,20611086030.0,123005320050.0,143616406080.0
2022-12-31,055490,42585077970.0,139675942110.0,182261020080.0
2021-12-31,055490,36543943930.0,118379036410.0,154922980340.0
2020-12-31,055490,27655774410.0,91116800140.0,118772574550.0
2022-12-31,078000,17219776230.0,25349158640.0,42568934870.0
2021-12-31,078000,14019084140.0,20803346130.0,34822430270.0
2020-12-31,078000,12059668640.0,24342274060.0,36401942700.0
2022-12-31,214420,60757926120.0,65987090070.0,126745016190.0
2021-12-31,214420,55479206170.0,59168932030.0,114648138200.0
2020-12-31,214420,56114746950.0,57343829100.0,113458576050.0
2022-12-31,019180,71322310680.0,398344480320.0,469666791000.0
2021-12-31,019180,54023266380.0,348709832780.0,402733099160.0
2020-12-31,019180,38954833420.0,307444614110.0,346399447530.0
2022-12-31,363280,103078881390.0,250544926000.0,353623807390.0
2021-12-31,363280,60142954650.0,235067063830.0,295210018480.0
2020-12-31,363280,19255691000.0,73643131800.0,92898822800.0
2022-12-31,36328K,103078881390.0,250544926000.0,353623807390.0
2021-12-31,36328K,60142954650.0,235067063830.0,295210018480.0
2020-12-31,36328K,19255691000.0,73643131800.0,92898822800.0
2022-12-31,091810,-43478404430.0,569299590490.0,525821186060.0
2021-12-31,091810,-109118198810.0,323513438120.0,214395239310.0
2020-12-31,091810,-137129052290.0,406346659220.0,269217606930.0
2022-12-31,004870,706276990.0,10764084310.0,11470361300.0
2021-12-31,004870,-106728630670.0,333475100590.0,226746469920.0
2020-12-31,004870,-138032645180.0,414941548950.0,276908903770.0
2022-12-31,005690,23819593970.0,36362213000.0,60181806970.0
2021-12-31,005690,23707970280.0,28103650220.0,51811620500.0
2020-12-31,005690,17779291070.0,19972756530.0,37752047600.0
2022-12-31,036580,174021815050.0,1727484994660.0,1901506809710.0
2021-12-31,036580,181058279690.0,1355797812720.0,1536856092410.0
2020-12-31,036580,176110967210.0,1157826143880.0,1333937111090.0
2022-12-31,004720,81302069960.0,69628645410.0,150930715370.0
2021-12-31,004720,60803000400.0,49063066410.0,109866066810.0
2020-12-31,004720,53599087910.0,43015222530.0,96614310440.0
2023-12-31,028670,499828000000.0,3861154000000.0,4360982000000.0
2022-12-31,028670,899947000000.0,5520365000000.0,6420312000000.0
2021-12-31,028670,665731000000.0,3950376000000.0,4616107000000.0
2020-12-31,028670,303933000000.0,2193226000000.0,2497159000000.0
2022-12-31,010820,10075433650.0,150079056300.0,160154489950.0
2021-12-31,010820,10369165430.0,126328312250.0,136697477680.0
2020-12-31,010820,9061752800.0,123013697100.0,132075449900.0
2022-12-31,016800,103044841710.0,278206289130.0,381251130840.0
2021-12-31,016800,89885587330.0,236619692170.0,326505279500.0
2020-12-31,016800,78579977330.0,208272651420.0,286852628750.0
2022-12-31,001020,59270072040.0,350686969390.0,409957041430.0
2021-12-31,001020,62888674380.0,372394021580.0,435282695960.0
2020-12-31,001020,64134621680.0,419929859850.0,484064481530.0
2022-12-31,090080,28290991560.0,491641255260.0,519932246820.0
2021-12-31,090080,28853358160.0,395270108090.0,424123466250.0
2020-12-31,090080,16432238460.0,322148804920.0,338581043380.0
2022-12-31,010770,63302934890.0,676928070590.0,740231005480.0
2021-12-31,010770,61384729490.0,566348125310.0,627732854800.0
2020-12-31,010770,45935482270.0,475175751200.0,521111233470.0
2023-12-31,022100,188056760880.0,1297818860050.0,1485875620930.0
2022-12-31,022100,133075268000.0,1019604931420.0,1152680199420.0
2021-12-31,022100,100732819390.0,768541324260.0,869274143650.0
2020-12-31,022100,113200670300.0,851001669840.0,964202340140.0
2022-12-31,058430,77495285300.0,1124625453450.0,1202120738750.0
2021-12-31,058430,186285056700.0,1160988482020.0,1347273538720.0
2020-12-31,058430,59856318390.0,847463139210.0,907319457600.0
2023-12-31,047050,1839533803000.0,31293287571000.0,33132821374000.0
2022-12-31,047050,1567637888000.0,36421950442000.0,37989588330000.0
2021-12-31,047050,1134719230000.0,32814145555000.0,33948864785000.0
2020-12-31,047050,925065193000.0,20547321165000.0,21472386358000.0
2023-12-31,003670,257229777060.0,4502641709200.0,4759871486260.0
2022-12-31,003670,334758009690.0,2967157795370.0,3301915805060.0
2021-12-31,003670,238094843080.0,1751447338780.0,1989542181860.0
2020-12-31,003670,144392512500.0,1421843200600.0,1566235713100.0
2022-12-31,017810,700418644570.0,2137885215790.0,2838303860360.0
2021-12-31,017810,656234720760.0,1862661385310.0,2518896106070.0
2020-12-31,017810,611494180120.0,1699705812300.0,2311199992420.0
2022-12-31,103140,461962189650.0,3911020311570.0,4372982501220.0
2021-12-31,103140,499603207690.0,3009895070830.0,3509498278520.0
2020-12-31,103140,271070704830.0,2322565320910.0,2593636025740.0
2022-12-31,005810,108265706230.0,279405728660.0,387671434890.0
2021-12-31,005810,126245806310.0,361538871680.0,487784677990.0
2020-12-31,005810,40778137210.0,225162592530.0,265940729740.0
2023-06-30,950210,161841000.0,161841000.0
2022-06-30,950210,,
2021-06-30,950210,,
2020-06-30,950210,,
2022-12-31,009810,24709240850.0,106592445810.0,131301686660.0
2021-12-31,009810,3012978390.0,37818828710.0,40831807100.0
2020-12-31,009810,2529348450.0,31557781550.0,34087130000.0
2022-12-31,293480,131239972420.0,79605019740.0,210844992160.0
2021-12-31,293480,130817899730.0,65588671220.0,196406570950.0
2020-12-31,293480,114022876990.0,63282627040.0,177305504030.0
2022-12-31,039130,114969462990.0,114969462990.0
2021-12-31,039130,40258281900.0,40258281900.0
2020-12-31,039130,109571614320.0,109571614320.0
2022-12-31,352820,842639381000.0,933514576000.0,1776153957000.0
2021-12-31,352820,622999116000.0,632927367000.0,1255926483000.0
2020-12-31,352820,374745271000.0,421538126000.0,796283397000.0
2023-12-31,071090,13976316270.0,242679630410.0,256655946680.0
2022-12-31,071090,28671889820.0,287742052080.0,316413941900.0
2021-12-31,071090,29984101520.0,196166560860.0,226150662380.0
2020-12-31,071090,11153243710.0,150533219150.0,161686462860.0
2022-12-31,019490,-3987458610.0,11890845290.0,7903386680.0
2021-12-31,019490,-14651562120.0,37088805700.0,22437243580.0
2020-12-31,019490,-10165105950.0,37438383330.0,27273277380.0
2023-12-31,000080,1114002040240.0,1406179511380.0,2520181551620.0
2022-12-31,000080,1063236992380.0,1434317829060.0,2497554821440.0
2021-12-31,000080,926435104460.0,1276468745910.0,2202903850370.0
2020-12-31,000080,975017836000.0,1281305109850.0,2256322945850.0
2023-12-31,000087,1114002040240.0,1406179511380.0,2520181551620.0
2022-12-31,000087,1063236992380.0,1434317829060.0,2497554821440.0
2021-12-31,000087,926435104460.0,1276468745910.0,2202903850370.0
2020-12-31,000087,975017836000.0,1281305109850.0,2256322945850.0
2023-12-31,000140,1122470078860.0,1384399203130.0,2506869281990.0
2022-12-31,000140,1069117422770.0,1415159631600.0,2484277054370.0
2021-12-31,000140,934089106470.0,1257918398210.0,2192007504680.0
2020-12-31,000140,981139192830.0,1265866777040.0,2247005969870.0
2023-12-31,000145,1122470078860.0,1384399203130.0,2506869281990.0
2022-12-31,000145,1069117422770.0,1415159631600.0,2484277054370.0
2021-12-31,000145,934089106470.0,1257918398210.0,2192007504680.0
2020-12-31,000145,981139192830.0,1265866777040.0,2247005969870.0
2022-12-31,036460,2896024060320.0,48828262572040.0,51724286632360.0
2021-12-31,036460,1661748197170.0,25859008233150.0,27520756430320.0
2020-12-31,036460,1320223030310.0,19513498565150.0,20833721595460.0
2023-12-31,005430,64903695230.0,479821442200.0,544725137430.0
2022-12-31,005430,30880577350.0,369640504270.0,400521081620.0
2021-12-31,005430,21566669860.0,323965513760.0,345532183620.0
2020-12-31,005430,-25647688500.0,328855110090.0,303207421590.0
2022-12-31,010040,37685135280.0,321088931470.0,358774066750.0
2021-12-31,010040,34817557460.0,236920579870.0,271738137330.0
2020-12-31,010040,24005760750.0,179689003120.0,203694763870.0
2022-12-31,025540,146273405870.0,1021861571410.0,1168134977280.0
2021-12-31,025540,150229138660.0,811999257820.0,962228396480.0
2020-12-31,025540,137734425200.0,664762803150.0,802497228350.0
2022-12-31,010100,112883050440.0,1258470797580.0,1371353848020.0
2021-12-31,010100,81074456980.0,922853373870.0,1003927830850.0
2020-12-31,010100,61569643090.0,819998642820.0,881568285910.0
2023-12-31,004090,61193642220.0,618039793360.0,679233435580.0
2022-12-31,004090,61554091980.0,686381896460.0,747935988440.0
2021-12-31,004090,57316703920.0,571595688210.0,628912392130.0
2020-12-31,004090,60000898080.0,424012320390.0,484013218470.0
2023-12-31,002200,52380275460.0,259924101620.0,312304377080.0
2022-12-31,002200,54828198520.0,286592037950.0,341420236470.0
2021-12-31,002200,47588462330.0,271635636470.0,319224098800.0
2020-12-31,002200,38509237610.0,226303427890.0,264812665500.0
2022-12-31,002960,87332461330.0,214309737870.0,301642199200.0
2021-12-31,002960,84117811740.0,157270262690.0,241388074430.0
2020-12-31,002960,77221103230.0,123113843720.0,200334946950.0
2022-12-31,000240,342237559640.0,753658210800.0,1095895770440.0
2021-12-31,000240,327185476560.0,636114877930.0,963300354490.0
2020-12-31,000240,241515461580.0,577660660060.0,819176121640.0
2023-12-31,123890,185857783890.0,73213836530.0,259071620420.0
2022-12-31,123890,202614095830.0,30350477230.0,232964573060.0
2021-12-31,123890,195364694570.0,17162496600.0,212527191170.0
2020-12-31,123890,223461670760.0,16600037230.0,240061707990.0
2022-12-31,015760,-30357570000000.0,100903594000000.0,70546024000000.0
2021-12-31,015760,-3631915000000.0,63644290000000.0,60012375000000.0
2020-12-31,015760,6122455000000.0,51804179000000.0,57926634000000.0
2022-12-31,006200,71994228000.0,251985661280.0,323979889280.0
2021-12-31,006200,80286664860.0,250889727260.0,331176392120.0
2020-12-31,006200,40196235470.0,181284213800.0,221480449270.0
2023-12-31,027970,76265643890.0,635761450960.0,712027094850.0
2022-12-31,027970,99962223160.0,584820622850.0,684782846010.0
2021-12-31,027970,26898604980.0,177535958270.0,204434563250.0
2020-12-31,027970,39938655150.0,149578192010.0,189516847160.0
2022-12-31,023350,35782182220.0,247920333940.0,283702516160.0
2021-12-31,023350,31905896390.0,236345864580.0,268251760970.0
2020-12-31,023350,22257786070.0,265972371060.0,288230157130.0
2022-12-31,025890,1898920220.0,52472182190.0,54371102410.0
2021-12-31,025890,1808816110.0,43500833840.0,45309649950.0
2020-12-31,025890,2374860430.0,31510984650.0,33885845080.0
2022-12-31,000970,66996301950.0,417294923830.0,484291225780.0
2021-12-31,000970,103559425450.0,406625670050.0,510185095500.0
2020-12-31,000970,55194159970.0,273094470390.0,328288630360.0
2020-03-31,000970,83915561980.0,353312357840.0,437227919820.0
2022-12-31,104700,163428710400.0,900747799000.0,1064176509400.0
2021-12-31,104700,143771907440.0,742878226000.0,886650133440.0
2020-12-31,104700,92653002010.0,540729161900.0,633382163910.0
2022-12-31,017960,56073305960.0,313197560060.0,369270866020.0
2021-12-31,017960,60849623510.0,306977510760.0,367827134270.0
2020-12-31,017960,104490077620.0,307175186530.0,411665264150.0
2022-12-31,161890,468835271490.0,1396896251540.0,1865731523030.0
2021-12-31,161890,428132952430.0,1158199757810.0,1586332710240.0
2020-12-31,161890,426297137040.0,895784180620.0,1322081317660.0
2022-12-31,024720,109584765110.0,540294803640.0,649879568750.0
2021-12-31,024720,142138557240.0,531867444880.0,674006002120.0
2020-12-31,024720,150290271100.0,525189975240.0,675480246340.0
2022-12-31,161390,2102546742820.0,6291656293690.0,8394203036510.0
2021-12-31,161390,1947299438220.0,5193837389550.0,7141136827770.0
2020-12-31,161390,1903011934960.0,4550059850400.0,6453071785360.0
2022-12-31,034830,178860483610.0,33997749420.0,212858233030.0
2021-12-31,034830,205012085000.0,20488936170.0,225501021170.0
2020-12-31,034830,221341292700.0,16089384880.0,237430677580.0
2022-12-31,007280,53946129960.0,741993500860.0,795939630820.0
2021-12-31,007280,61426319030.0,630098880680.0,691525199710.0
2020-12-31,007280,23850348920.0,391463167930.0,415313516850.0
2022-12-31,047810,373827296120.0,2413060986580.0,2786888282700.0
2021-12-31,047810,306956566760.0,2255327108390.0,2562283675150.0
2020-12-31,047810,331885938430.0,2493250074390.0,2825136012820.0
2022-12-31,123690,32630598630.0,33416078520.0,66046677150.0
2021-12-31,123690,35583797000.0,31382013080.0,66965810080.0
2020-12-31,123690,38505367140.0,33993225370.0,72498592510.0
2022-12-31,003350,14855913600.0,89021054910.0,103876968510.0
2021-12-31,003350,9308483480.0,58501198980.0,67809682460.0
2020-12-31,003350,8045002520.0,53945279150.0,61990281670.0
2023-12-31,011500,9234868880.0,203161101270.0,212395970150.0
2022-12-31,011500,16270592600.0,223162296640.0,239432889240.0
2021-12-31,011500,29448867820.0,215775778530.0,245224646350.0
2020-12-31,011500,24713504140.0,183541257840.0,208254761980.0
2023-12-31,002390,166347664160.0,356393415370.0,522741079530.0
2022-12-31,002390,173713816220.0,370045335690.0,543759151910.0
2021-12-31,002390,167548223110.0,350092846320.0,517641069430.0
2020-12-31,002390,168391262820.0,335220616870.0,503611879690.0
2023-12-31,053690,134300851770.0,278614123390.0,412914975160.0
2022-12-31,053690,123908925250.0,250505398590.0,374414323840.0
2021-12-31,053690,89451809620.0,180639885170.0,270091694790.0
2020-12-31,053690,81150210300.0,151422904980.0,232573115280.0
2023-12-31,042700,79403949130.0,79604579230.0,159008528360.0
2022-12-31,042700,185036355760.0,142555702950.0,327592058710.0
2021-12-31,042700,180245340290.0,192924061620.0,373169401910.0
2020-12-31,042700,110673786990.0,146712110670.0,257385897660.0
2022-12-31,008930,1046054210830.0,,1046054210830.0
2021-12-31,008930,950164817340.0,817393399930.0,950164817340.0
2020-12-31,008930,120715786530.0,736667632610.0,857383419140.0
2022-12-31,128940,718553059660.0,612993540460.0,1331546600120.0
2021-12-31,128940,632752241410.0,570433411400.0,1203185652810.0
2020-12-31,128940,580918294020.0,494935310990.0,1075853605010.0
2023-12-31,009240,432361575040.0,1534585458770.0,1966947033810.0
2022-12-31,009240,439215845730.0,1561690219990.0,2000906065720.0
2021-12-31,009240,571439242950.0,1659781706350.0,2231220949300.0
2020-12-31,009240,542309365340.0,1525159297360.0,2067468662700.0
2022-12-31,020000,944973588300.0,597248095120.0,1542221683420.0
2021-12-31,020000,833176303080.0,554225357590.0,1387401660670.0
2020-12-31,020000,705709668760.0,490189971550.0,1195899640310.0
2022-12-31,003680,47408171960.0,244742809350.0,292150981310.0
2021-12-31,003680,42531034550.0,208998238840.0,251529273390.0
2020-12-31,003680,44673851390.0,221474130090.0,266147981480.0
2022-12-31,105630,336309781480.0,1868451395830.0,2204761177310.0
2021-12-31,105630,252645721780.0,1419351329990.0,1671997051770.0
2020-12-31,105630,220289667900.0,1477972541550.0,1698262209450.0
2022-12-31,069640,152189112850.0,119290635440.0,271479748290.0
2021-12-31,069640,121475090020.0,86190165570.0,207665255590.0
2020-12-31,069640,115115439510.0,105098932750.0,220214372260.0
2022-12-31,016450,716456152860.0,2605657380870.0,3322113533730.0
2021-12-31,016450,647257918180.0,2151637818160.0,2798895736340.0
2020-12-31,016450,592817978270.0,2205129096180.0,2797947074450.0
2023-12-31,010420,29381317260.0,282307795570.0,311689112830.0
2022-12-31,010420,28474116560.0,285771941000.0,314246057560.0
2021-12-31,010420,24039263680.0,238904063330.0,262943327010.0
2020-12-31,010420,20436705500.0,224387217740.0,244823923240.0
2023-12-31,009180,68125467120.0,658411357180.0,726536824300.0
2022-12-31,009180,78680530640.0,936691358920.0,1015371889560.0
2021-12-31,009180,64134889750.0,682909223930.0,747044113680.0
2020-12-31,009180,42351572410.0,467261760950.0,509613333360.0
2023-12-31,213500,355924520440.0,1838178031110.0,2194102551550.0
2022-12-31,213500,572466057080.0,1885486536580.0,2457952593660.0
2021-12-31,213500,361179093920.0,1473044883090.0,1834223977010.0
2020-12-31,213500,300684227020.0,1209186946030.0,1509871173050.0
2023-12-31,014680,204960107110.0,566694534440.0,771654641550.0
2022-12-31,014680,265682099240.0,619788692620.0,885470791860.0
2021-12-31,014680,267971723180.0,500716457370.0,768688180550.0
2020-12-31,014680,213876025230.0,405401653500.0,619277678730.0
2023-12-31,004710,174864166290.0,1127814936420.0,1302679102710.0
2022-12-31,004710,178095410160.0,1182674686500.0,1360770096660.0
2021-12-31,004710,103451482080.0,1387169505680.0,1490620987760.0
2020-12-31,004710,150987010650.0,1043905136530.0,1194892147180.0
2022-12-31,004150,59963983000.0,407247097000.0,467211080000.0
2021-12-31,004150,51803978000.0,361840159000.0,413644137000.0
2020-12-31,004150,42199880000.0,317282002000.0,359481882000.0
2023-12-31,025750,41801743530.0,258201578410.0,300003321940.0
2022-12-31,025750,48665360280.0,234748839170.0,283414199450.0
2021-12-31,025750,46174674360.0,217075013700.0,263249688060.0
2020-12-31,025750,35776200520.0,217437201320.0,253213401840.0
2022-12-31,004960,125961440190.0,1095592091340.0,1221553531530.0
2021-12-31,004960,150150428640.0,1160994333580.0,1311144762220.0
2020-12-31,004960,198093131870.0,1358777829900.0,1556870961770.0
2022-12-31,011700,3858101010.0,52181854360.0,56039955370.0
2021-12-31,011700,11304561790.0,43060686790.0,54365248580.0
2020-12-31,011700,10207180730.0,41429212500.0,51636393230.0
2023-12-31,018880,908182409020.0,8651145839380.0,9559328248400.0
2022-12-31,018880,847078537730.0,7780649036410.0,8627727574140.0
2021-12-31,018880,848992308210.0,6502431517450.0,7351423825660.0
2020-12-31,018880,864432448400.0,6008400128270.0,6872832576670.0
2023-12-31,009420,75172268250.0,59737569370.0,134909837620.0
2022-12-31,009420,61971290270.0,48024128710.0,109995418980.0
2021-12-31,009420,60332612990.0,41261830700.0,101594443690.0
2020-12-31,009420,50651038410.0,37951231680.0,88602270090.0
2022-12-31,014130,31581301440.0,826550459460.0,858131760900.0
2021-12-31,014130,26480972200.0,749770591920.0,776251564120.0
2020-12-31,014130,20102215950.0,595156623170.0,615258839120.0
2022-12-31,300720,308002493390.0,1179572219120.0,1487574712510.0
2021-12-31,300720,289665129710.0,982188496620.0,1271853626330.0
2020-12-31,300720,253540136630.0,720745215240.0,974285351870.0
2022-12-31,002220,13558411080.0,241670911470.0,255229322550.0
2021-12-31,002220,39044166570.0,209548994240.0,248593160810.0
2020-12-31,002220,4580242410.0,152539436470.0,157119678880.0
2022-12-31,006390,99102947160.0,372047226410.0,471150173570.0
2021-12-31,006390,91468593600.0,305514953590.0,396983547190.0
2020-12-31,006390,100317699650.0,233950003860.0,334267703510.0
2022-12-31,003300,338841115030.0,1626770615030.0,1965611730060.0
2021-12-31,003300,294528568370.0,1355814624400.0,1650343192770.0
2020-12-31,003300,313600839430.0,1219773467830.0,1533374307260.0
2023-12-31,051600,282924640580.0,1250926150910.0,1533850791490.0
2022-12-31,051600,225590105810.0,1203484730640.0,1429074836450.0
2021-12-31,051600,217055039720.0,1163498389270.0,1380553428990.0
2020-12-31,051600,211453599420.0,1091748166690.0,1303201766110.0
2023-12-31,052690,127884521770.0,417207250840.0,545091772610.0
2022-12-31,052690,110987200520.0,394303572540.0,505290773060.0
2021-12-31,052690,106949672470.0,326176966950.0,433126639420.0
2020-12-31,052690,122010142840.0,309712482900.0,431722625740.0
2022-12-31,130660,43185013400.0,302857211900.0,346042225300.0
2021-12-31,130660,35731459930.0,285333989400.0,321065449330.0
2020-12-31,130660,42004844300.0,287305042610.0,329309886910.0
2023-12-31,002320,231370172910.0,2576158609650.0,2807528782560.0
2022-12-31,002320,215850001480.0,2633570867950.0,2849420869430.0
2021-12-31,002320,193173537480.0,2310957656270.0,2504131193750.0
2020-12-31,002320,188787447160.0,2026899193690.0,2215686640850.0
2022-12-31,003480,126575000000.0,1313569000000.0,1440144000000.0
2021-12-31,003480,126518000000.0,761516000000.0,888034000000.0
2020-12-31,003480,129271000000.0,665936000000.0,795207000000.0
2023-12-31,180640,110386762180.0,165340055540.0,275726817720.0
2022-12-31,180640,77088154240.0,123247927980.0,200336082220.0
2021-12-31,180640,44125689280.0,104299152650.0,148424841930.0
2020-12-31,180640,-130099328080.0,538926474560.0,408827146480.0
2023-12-31,18064K,110386762180.0,165340055540.0,275726817720.0
2022-12-31,18064K,77088154240.0,123247927980.0,200336082220.0
2021-12-31,18064K,44125689280.0,104299152650.0,148424841930.0
2020-12-31,18064K,-130099328080.0,538926474560.0,408827146480.0
2022-12-31,005110,34848400210.0,54491513980.0,89339914190.0
2021-12-31,005110,8573496660.0,26644490020.0,35217986680.0
2020-12-31,005110,8649021620.0,16606924690.0,25255946310.0
2022-12-31,009460,26388325420.0,188535179370.0,214923504790.0
2021-12-31,009460,39021065600.0,143188573270.0,182209638870.0
2020-12-31,009460,35784874160.0,135693428130.0,171478302290.0
2023-12-31,372910,23739372310.0,89040343010.0,112779715320.0
2022-12-31,372910,19885322810.0,80234790030.0,100120112840.0
2021-12-31,372910,27948642390.0,93191714260.0,121140356650.0
2020-12-31,372910,57978406580.0,93863434450.0,151841841030.0
2022-12-31,000880,5913467000000.0,56364928000000.0,62278395000000.0
2021-12-31,000880,5704498000000.0,47131571000000.0,52836069000000.0
2020-12-31,000880,4101487000000.0,46824964000000.0,50926451000000.0
2022-12-31,00088K,5913467000000.0,56364928000000.0,62278395000000.0
2021-12-31,00088K,5704498000000.0,47131571000000.0,52836069000000.0
2020-12-31,00088K,4101487000000.0,46824964000000.0,50926451000000.0
2023-10-31,451800,23274063510.0,23274063510.0
2023-04-30,451800,19278597510.0,19278597510.0
2022-10-31,451800,,
2022-09-30,451800,,
2022-12-31,009830,2801375245080.0,10852572859820.0,13653948104900.0
2021-12-31,009830,2196180039790.0,8529012345030.0,10725192384820.0
2020-12-31,009830,1925892629250.0,7269115499110.0,9195008128360.0
2022-12-31,009835,2801375245080.0,10852572859820.0,13653948104900.0
2021-12-31,009835,2196180039790.0,8529012345030.0,10725192384820.0
2020-12-31,009835,1925892629250.0,7269115499110.0,9195008128360.0
2022-12-31,272210,253313439310.0,1934688906030.0,2188002345340.0
2021-12-31,272210,283621506940.0,1805881532180.0,2089503039120.0
2020-12-31,272210,247529898630.0,1395324672960.0,1642854571590.0
2022-12-31,012450,1349299373960.0,5190306443610.0,6539605817570.0
2021-12-31,012450,1018416027260.0,4522973114010.0,5541389141270.0
2020-12-31,012450,1070349623390.0,4251094647280.0,5321444270670.0
2022-12-31,082740,2261506950.0,761981340050.0,764242847000.0
2021-12-31,082740,-10140230640.0,609139323530.0,598999092890.0
2020-12-31,082740,53299818900.0,776694904390.0,829994723290.0
2023-12-31,042660,98808450560.0,7309503815080.0,7408312265640.0
2022-12-31,042660,-1346882279050.0,6207032528580.0,4860150249530.0
2021-12-31,042660,-1547106646620.0,6033692327980.0,4486585681360.0
2020-12-31,042660,395926071210.0,6634249125950.0,7030175197160.0
2022-12-31,000885,5913467000000.0,56364928000000.0,62278395000000.0
2021-12-31,000885,5704498000000.0,47131571000000.0,52836069000000.0
2020-12-31,000885,4101487000000.0,46824964000000.0,50926451000000.0
2023-12-31,195870,160721622180.0,511523655990.0,672245278170.0
2022-12-31,195870,265231912320.0,574126060890.0,839357973210.0
2021-12-31,195870,135654962050.0,519718050810.0,655373012860.0
2020-12-31,195870,75759590540.0,382986577030.0,458746167570.0
2022-12-31,101530,189908784430.0,400357689160.0,590266473590.0
2021-12-31,101530,193690281050.0,374013170280.0,567703451330.0
2020-12-31,101530,210124376300.0,353810744800.0,563935121100.0
2022-12-31,143210,38603355910.0,739651153260.0,778254509170.0
2021-12-31,143210,17634744420.0,544578646250.0,562213390670.0
2020-12-31,143210,50526818490.0,522147414840.0,572674233330.0
2023-12-31,000720,1702808000000.0,27948549000000.0,29651357000000.0
2022-12-31,000720,1512748000000.0,19726334000000.0,21239082000000.0
2021-12-31,000720,1797236000000.0,16268298000000.0,18065534000000.0
2020-12-31,000720,1396863000000.0,15573996000000.0,16970859000000.0
2023-12-31,000725,1702808000000.0,27948549000000.0,29651357000000.0
2022-12-31,000725,1512748000000.0,19726334000000.0,21239082000000.0
2021-12-31,000725,1797236000000.0,16268298000000.0,18065534000000.0
2020-12-31,000725,1396863000000.0,15573996000000.0,16970859000000.0
2023-12-31,086280,2091468725240.0,23591728438820.0,25683197164060.0
2022-12-31,086280,2301383312540.0,24680497658580.0,26981880971120.0
2021-12-31,086280,1491723530160.0,20287858400840.0,21779581931000.0
2020-12-31,086280,1290456056580.0,15229428576520.0,16519884633100.0
2023-12-31,064350,464398450000.0,3122984003000.0,3587382453000.0
2022-12-31,064350,365431653000.0,2797911962000.0,3163343615000.0
2021-12-31,064350,252785166000.0,2619726786000.0,2872511952000.0
2020-12-31,064350,244501904000.0,2540824150000.0,2785326054000.0
2022-12-31,079430,213577876020.0,1282123231440.0,1495701107460.0
2021-12-31,079430,259774762370.0,1146824549530.0,1406599311900.0
2020-12-31,079430,250051013840.0,1134578626520.0,1384629640360.0
2023-12-31,012330,6762174000000.0,52492187000000.0,59254361000000.0
2022-12-31,012330,5987154000000.0,45919139000000.0,51906293000000.0
2021-12-31,012330,5264538000000.0,36437646000000.0,41702184000000.0
2020-12-31,012330,4704238000000.0,31922266000000.0,36626504000000.0
2022-12-31,010620,12854666000.0,3704006276000.0,3716860942000.0
2021-12-31,010620,-121025607000.0,3008237858000.0,2887212251000.0
2020-12-31,010620,131431201000.0,2660579889000.0,2792011090000.0
2022-12-31,069960,3337448653000.0,1676674976000.0,5014123629000.0
2021-12-31,069960,2340278942000.0,1232154240000.0,3572433182000.0
2020-12-31,069960,1428196797000.0,844955068000.0,2273151865000.0
2022-12-31,004560,80701873510.0,1200455281760.0,1281157155270.0
2021-12-31,004560,134821638000.0,720882376920.0,855704014920.0
2020-12-31,004560,70308301130.0,609934621610.0,680242922740.0
2023-11-30,004310,76592737370.0,104169921620.0,180762658990.0
2022-11-30,004310,68837366020.0,93852680020.0,162690046040.0
2021-11-30,004310,56313098150.0,83489654930.0,139802753080.0
2020-11-30,004310,58321558560.0,74643953050.0,132965511610.0
2022-12-31,017800,315426340110.0,1813874761150.0,2129301101260.0
2021-12-31,017800,370993877920.0,1602432537850.0,1973426415770.0
2020-12-31,017800,399684347220.0,1421500323590.0,1821184670810.0
2022-12-31,307950,299790549300.0,2454717453690.0,2754508002990.0
2021-12-31,307950,229237918990.0,1841144193280.0,2070382112270.0
2020-12-31,307950,170370208680.0,1392222339830.0,1562592548510.0
2022-12-31,011210,587025000000.0,7620589000000.0,8207614000000.0
2021-12-31,011210,496995000000.0,7030744000000.0,7527739000000.0
2020-12-31,011210,350917000000.0,6241325000000.0,6592242000000.0
2022-12-31,004020,2833724626220.0,24506876611580.0,27340601237800.0
2021-12-31,004020,3523569056010.0,19326351921840.0,22849920977850.0
2020-12-31,004020,1093191392650.0,16930206956980.0,18023398349630.0
2022-12-31,005440,640769456000.0,3282408352000.0,3923177808000.0
2021-12-31,005440,584619708000.0,2901460713000.0,3486080421000.0
2020-12-31,005440,550709814000.0,2687779268000.0,3238489082000.0
2023-12-31,005380,33484396000000.0,129179183000000.0,162663579000000.0
2022-12-31,005380,28271900000000.0,113879569000000.0,142151469000000.0
2021-12-31,005380,21930495000000.0,95680131000000.0,117610626000000.0
2020-12-31,005380,18481670000000.0,85515931000000.0,103997601000000.0
2023-12-31,005387,33484396000000.0,129179183000000.0,162663579000000.0
2022-12-31,005387,28271900000000.0,113879569000000.0,142151469000000.0
2021-12-31,005387,21930495000000.0,95680131000000.0,117610626000000.0
2020-12-31,005387,18481670000000.0,85515931000000.0,103997601000000.0
2023-12-31,005389,33484396000000.0,129179183000000.0,162663579000000.0
2022-12-31,005389,28271900000000.0,113879569000000.0,142151469000000.0
2021-12-31,005389,21930495000000.0,95680131000000.0,117610626000000.0
2020-12-31,005389,18481670000000.0,85515931000000.0,103997601000000.0
2023-12-31,005385,33484396000000.0,129179183000000.0,162663579000000.0
2022-12-31,005385,28271900000000.0,113879569000000.0,142151469000000.0
2021-12-31,005385,21930495000000.0,95680131000000.0,117610626000000.0
2020-12-31,005385,18481670000000.0,85515931000000.0,103997601000000.0
2022-12-31,011760,158719048340.0,5968249702820.0,6126968751160.0
2021-12-31,011760,111115179870.0,3671382343160.0,3782497523030.0
2020-12-31,011760,102655159020.0,2778230586190.0,2880885745210.0
2022-12-31,227840,36422365370.0,127923415420.0,164345780790.0
2021-12-31,227840,26190421430.0,104251346980.0,130441768410.0
2020-12-31,227840,25895981770.0,125699496730.0,151595478500.0
2023-12-31,126560,45024700280.0,123590289590.0,168614989870.0
2022-12-31,126560,47509462840.0,106703772200.0,154213235040.0
2021-12-31,126560,43243672450.0,93457046690.0,136700719140.0
2020-12-31,126560,-3868630610.0,43447781300.0,39579150690.0
2022-12-31,057050,919865309380.0,1181802259680.0,2101667569060.0
2021-12-31,057050,925354456460.0,1170029392360.0,2095383848820.0
2020-12-31,057050,1007347223940.0,1119019899880.0,2126367123820.0
2023-06-30,093240,18806690280.0,75679287050.0,94485977330.0
2022-06-30,093240,52226894220.0,85044474490.0,137271368710.0
2021-06-30,093240,44706390510.0,90575244180.0,135281634690.0
2020-06-30,093240,51272898700.0,96675831540.0,147948730240.0
2023-12-31,003010,37874625310.0,238206073580.0,276080698890.0
2022-12-31,003010,28411810440.0,149617710240.0,178029520680.0
2021-12-31,003010,35199127330.0,171156577770.0,206355705100.0
2020-12-31,003010,34176144240.0,183364805650.0,217540949890.0
2022-12-31,111110,95513723240.0,384485852790.0,479999576030.0
2021-12-31,111110,66117649440.0,278749934090.0,344867583530.0
2020-12-31,111110,43656835910.0,248877916710.0,292534752620.0
2023-12-31,008770,3568466181320.0,3568466181320.0
2022-12-31,008770,4922008727360.0,4922008727360.0
2021-12-31,008770,3779129065560.0,3779129065560.0
2020-12-31,008770,3188065338010.0,3188065338010.0
2023-12-31,008775,3568466181320.0,3568466181320.0
2022-12-31,008775,4922008727360.0,4922008727360.0
2021-12-31,008775,3779129065560.0,3779129065560.0
2020-12-31,008775,3188065338010.0,3188065338010.0
2023-12-31,002460,84618500040.0,823450026920.0,908068526960.0
2022-12-31,002460,48025956120.0,597680786440.0,645706742560.0
2021-12-31,002460,54810570600.0,367420824840.0,422231395440.0
2020-12-31,002460,69478504250.0,349780794560.0,419259298810.0
2022-12-31,378850,97285171890.0,560642351610.0,657927523500.0
2021-12-31,378850,74879443170.0,430878249980.0,505757693150.0
2023-12-31,241590,163342368850.0,1050489568390.0,1213831937240.0
2022-12-31,241590,199242185420.0,1454787397020.0,1654029582440.0
2021-12-31,241590,116495871660.0,1022079286280.0,1138575157940.0
2020-12-31,241590,159873154320.0,955883296700.0,1115756451020.0
2023-12-31,006060,230463927790.0,1236087263380.0,1466551191170.0
2022-12-31,006060,277663048750.0,1635292560950.0,1912955609700.0
2021-12-31,006060,176322885210.0,1189194733150.0,1365517618360.0
2020-12-31,006060,220375253150.0,1078398381970.0,1298773635120.0
2022-12-31,013520,249358770940.0,1336017146840.0,1585375917780.0
2021-12-31,013520,210469591320.0,1189351422320.0,1399821013640.0
2020-12-31,013520,215600483980.0,1097726915640.0,1313327399620.0
2022-12-31,010690,174011914130.0,1516259501030.0,1690271415160.0
2021-12-31,010690,101546836280.0,1135045552110.0,1236592388390.0
2020-12-31,010690,57020637890.0,1028521343500.0,1085541981390.0
2022-12-31,133820,7114386560.0,132489839870.0,139604226430.0
2021-12-31,133820,11646575240.0,112430260010.0,124076835250.0
2020-12-31,133820,-5683698860.0,104330965850.0,98647266990.0
2023-12-31,010660,14312597300.0,147571749250.0,161884346550.0
2022-12-31,010660,19171835410.0,170576113950.0,189747949360.0
2021-12-31,010660,17918382380.0,157992687450.0,175911069830.0
2020-12-31,010660,9549275370.0,127260760080.0,136810035450.0
2023-12-31,000850,37140812470.0,188579616960.0,225720429430.0
2022-12-31,000850,42330537980.0,201763172800.0,244093710780.0
2021-12-31,000850,31717316490.0,172254973000.0,203972289490.0
2020-12-31,000850,25457915850.0,136288068010.0,161745983860.0
2023-12-31,016580,99160613210.0,131232965770.0,230393578980.0
2022-12-31,016580,98792994790.0,100141739600.0,198934734390.0
2021-12-31,016580,93492345040.0,84283355570.0,177775700610.0
2020-12-31,016580,86602112430.0,85103292540.0,171705404970.0
2022-12-31,032560,72461768120.0,260983895780.0,333445663900.0
2021-12-31,032560,67126706380.0,203855586900.0,270982293280.0
2020-12-31,032560,46493055080.0,192961440170.0,239454495250.0
2023-12-31,004800,63574614390.0,469644963310.0,533219577700.0
2022-12-31,004800,375363744710.0,3343961778420.0,3719325523130.0
2021-12-31,004800,934939764110.0,2601583004980.0,3536522769090.0
2020-12-31,004800,396828179450.0,2199347767610.0,2596175947060.0
2023-12-31,094280,50495301540.0,453279653610.0,503774955150.0
2022-12-31,094280,54071720950.0,457194899390.0,511266620340.0
2021-12-31,094280,49704235440.0,426200193940.0,475904429380.0
2020-12-31,094280,43493584920.0,440625998600.0,484119583520.0
2023-12-31,298040,440498825430.0,2655876985920.0,3096375811350.0
2022-12-31,298040,435022382120.0,3075121535510.0,3510143917630.0
2021-12-31,298040,404289009540.0,2690409635240.0,3094698644780.0
2020-12-31,298040,395385293960.0,2588585569070.0,2983970863030.0
2023-12-31,298050,360592295650.0,2841738883840.0,3202331179490.0
2022-12-31,298050,522012226330.0,3319360599370.0,3841372825700.0
2021-12-31,298050,635971991850.0,2961805108510.0,3597777100360.0
2020-12-31,298050,208658208030.0,2185964690890.0,2394622898920.0
2023-12-31,298020,274805846940.0,4178238687060.0,4453044534000.0
2022-12-31,298020,432144813460.0,8450584851720.0,8882729665180.0
2021-12-31,298020,1699076840640.0,6896953324730.0,8596030165370.0
2020-12-31,298020,498520052560.0,4663096947070.0,5161616999630.0
2023-12-31,298000,31436235490.0,1980447599030.0,2011883834520.0
2022-12-31,298000,-230156293290.0,3108714473880.0,2878558180590.0
2021-12-31,298000,237276083840.0,2282689201200.0,2519965285040.0
2020-12-31,298000,153053018000.0,1664136962490.0,1817189980490.0
2022-12-31,093370,165988432230.0,444575897030.0,610564329260.0
2021-12-31,093370,105638225540.0,275618549330.0,381256774870.0
2020-12-31,093370,43341976700.0,218257829640.0,261599806340.0
2022-12-31,081660,2029305410790.0,2192444715830.0,4221750126620.0
2021-12-31,081660,1880250011250.0,1913708628700.0,3793958639950.0
2020-12-31,081660,1544641398400.0,1584164454400.0,3128805852800.0
2023-12-31,005870,40607798630.0,188236076380.0,228843875010.0
2022-12-31,005870,32640427440.0,189830470170.0,222470897610.0
2021-12-31,005870,30546683580.0,197155224350.0,227701907930.0
2020-12-31,005870,28952463440.0,172317233140.0,201269696580.0
2022-12-31,079980,2045127570.0,1019680854400.0,1021725981970.0
2021-12-31,079980,87403941810.0,995167585120.0,1082571526930.0
2020-12-31,079980,123297185590.0,797006123570.0,920303309160.0
2022-12-31,005010,323826225040.0,707097241660.0,1030923466700.0
2021-12-31,005010,92574410400.0,523931111900.0,616505522300.0
2020-12-31,005010,43712430250.0,321900690370.0,365613120620.0
2022-12-31,003280,44960102090.0,132899975970.0,177860078060.0
2021-12-31,003280,5673210690.0,76051103170.0,81724313860.0
2020-12-31,003280,7345982540.0,81592855920.0,88938838460.0
