date,ticker,Gross Profit,Cost Of Revenue,Total Revenue
2023-09-30,095570,139003800450.0,121957398000.0,260961198450.0
2023-06-30,095570,143612040100.0,96156688000.0,239768728100.0
2023-03-31,095570,120338188180.0,133673741000.0,254011929180.0
2022-12-31,095570,115134829070.0,168139274000.0,283274103070.0
2023-09-30,006840,275071401270.0,865162860480.0,1140234261750.0
2023-06-30,006840,265565008930.0,815581820610.0,1081146829540.0
2023-03-31,006840,296835533180.0,805467867840.0,1102303401020.0
2022-12-31,006840,244578623060.0,768270911610.0,1012849534670.0
2023-12-31,027410,36536196360.0,86858059010.0,123394255370.0
2023-09-30,027410,41750772210.0,67427622140.0,109178394350.0
2023-06-30,027410,38367574960.0,73041513950.0,111409088910.0
2023-03-31,027410,26431928500.0,72759944950.0,99191873450.0
2022-12-31,027410,32277205890.0,78221313070.0,110498518960.0
2023-12-31,282330,374550333510.0,1665608208850.0,2040158542360.0
2023-09-30,282330,416302432570.0,1790507437510.0,2206809870080.0
2023-06-30,282330,396879123330.0,1701344941290.0,2098224064620.0
2023-03-31,282330,335027907410.0,1514533594420.0,1849561501830.0
2022-12-31,282330,349572616080.0,1599667811370.0,1949240427450.0
2023-12-31,001460,22306580230.0,27388147580.0,49694727810.0
2023-09-30,001460,18376050160.0,22247875620.0,40623925780.0
2023-06-30,001460,15562063510.0,26038240720.0,41600304230.0
2023-03-31,001460,16368131040.0,20114435020.0,36482566060.0
2022-12-31,001460,21778380720.0,26727736040.0,48506116760.0
2023-12-31,001465,22306580230.0,27388147580.0,49694727810.0
2023-09-30,001465,18376050160.0,22247875620.0,40623925780.0
2023-06-30,001465,15562063510.0,26038240720.0,41600304230.0
2023-03-31,001465,16368131040.0,20114435020.0,36482566060.0
2022-12-31,001465,21778380720.0,26727736040.0,48506116760.0
2023-09-30,001040,3044003851000.0,7575023350000.0,10619027201000.0
2023-06-30,001040,2828561229000.0,7461767435000.0,10290328664000.0
2023-03-31,001040,2629591720000.0,7147852183000.0,9777443903000.0
2022-12-31,001040,2742924491000.0,7862996194000.0,10605920685000.0
2023-09-30,079160,387326481240.0,20263659000.0,407590140240.0
2023-06-30,079160,379879313960.0,21784823000.0,401664136960.0
2023-03-31,079160,377006587660.0,16588279000.0,393594866660.0
2022-12-31,079160,325342430420.0,9141262000.0,334483692420.0
2023-09-30,00104K,3044003851000.0,7575023350000.0,10619027201000.0
2023-06-30,00104K,2828561229000.0,7461767435000.0,10290328664000.0
2023-03-31,00104K,2629591720000.0,7147852183000.0,9777443903000.0
2022-12-31,00104K,2742924491000.0,7862996194000.0,10605920685000.0
2023-09-30,000120,334446238840.0,2602624886240.0,2937071125080.0
2023-06-30,000120,327412601250.0,2635019771330.0,2962432372580.0
2023-03-31,000120,309874349730.0,2497945353090.0,2807819702820.0
2022-12-31,000120,303924383430.0,2719478174460.0,3023402557890.0
2023-09-30,011150,5517368220.0,32177274560.0,37694642780.0
2023-06-30,011150,4022415190.0,29774446560.0,33796861750.0
2023-03-31,011150,4242422430.0,30883559750.0,35125982180.0
2022-12-31,011150,6559202770.0,36213779530.0,42772982300.0
2023-09-30,011155,5517368220.0,32177274560.0,37694642780.0
2023-06-30,011155,4022415190.0,29774446560.0,33796861750.0
2023-03-31,011155,4242422430.0,30883559750.0,35125982180.0
2022-12-31,011155,6559202770.0,36213779530.0,42772982300.0
2023-09-30,001045,3044003851000.0,7575023350000.0,10619027201000.0
2023-06-30,001045,2828561229000.0,7461767435000.0,10290328664000.0
2023-03-31,001045,2629591720000.0,7147852183000.0,9777443903000.0
2022-12-31,001045,2742924491000.0,7862996194000.0,10605920685000.0
2023-09-30,097950,1628257557000.0,5815191506000.0,7443449063000.0
2023-06-30,097950,1537110810000.0,5682314673000.0,7219425483000.0
2023-03-31,097950,1457168116000.0,5613991193000.0,7071159309000.0
2022-12-31,097950,1535139631000.0,6035933482000.0,7571073113000.0
2023-09-30,097955,1628257557000.0,5815191506000.0,7443449063000.0
2023-06-30,097955,1537110810000.0,5682314673000.0,7219425483000.0
2023-03-31,097955,1457168116000.0,5613991193000.0,7071159309000.0
2022-12-31,097955,1535139631000.0,6035933482000.0,7571073113000.0
2023-12-31,000480,53195189090.0,177657753240.0,230852942330.0
2023-09-30,000480,33902207290.0,162056887480.0,195959094770.0
2023-06-30,000480,28556327510.0,170167697850.0,198724025360.0
2023-03-31,000480,28050766320.0,163317616760.0,191368383080.0
2022-12-31,000480,25313485770.0,181021317700.0,206334803470.0
2023-09-30,000590,9479284040.0,31478225000.0,40957509040.0
2023-06-30,000590,10051977790.0,36353924010.0,46405901800.0
2023-03-31,000590,7933379150.0,34259480230.0,42192859380.0
2022-12-31,000590,3364315070.0,38794727230.0,42159042300.0
2023-12-31,012030,17536267450.0,120060449100.0,137596716550.0
2023-09-30,012030,23877238980.0,89464955260.0,113342194240.0
2023-06-30,012030,19007598420.0,75830760020.0,94838358440.0
2023-03-31,012030,24341760110.0,88464833460.0,112806593570.0
2022-12-31,012030,14527496230.0,87191702560.0,101719198790.0
2023-09-30,000990,92827516520.0,174974053860.0,267801570380.0
2023-06-30,000990,131249046870.0,177568327030.0,308817373900.0
2023-03-31,000990,123982107680.0,174185309440.0,298167417120.0
2022-12-31,000990,203392815820.0,193747867380.0,397140683200.0
2023-12-31,001530,16551159200.0,84614566210.0,101165725410.0
2023-09-30,001530,15881320100.0,168559631560.0,184440951660.0
2023-06-30,001530,15152803000.0,174575312350.0,189728115350.0
2023-03-31,001530,14743718620.0,192793616160.0,207537334780.0
2022-12-31,001530,16071890890.0,191708636990.0,207780527880.0
2023-12-31,000210,246156855720.0,1001011055580.0,1247167911300.0
2023-09-30,000210,200489433760.0,1063959212770.0,1264448646530.0
2023-06-30,000210,205512919380.0,1013318275900.0,1218831195280.0
2023-03-31,000210,273932271320.0,1013435796810.0,1287368068130.0
2022-12-31,000210,188423729940.0,1143809602470.0,1332233332410.0
2023-12-31,000215,246156855720.0,1001011055580.0,1247167911300.0
2023-09-30,000215,200489433760.0,1063959212770.0,1264448646530.0
2023-06-30,000215,205512919380.0,1013318275900.0,1218831195280.0
2023-03-31,000215,273932271320.0,1013435796810.0,1287368068130.0
2022-12-31,000215,188423729940.0,1143809602470.0,1332233332410.0
2023-12-31,375500,221151925370.0,2111842865690.0,2332994791060.0
2023-09-30,375500,176661684070.0,1660759502790.0,1837421186860.0
2023-06-30,375500,191375903990.0,1779202838250.0,1970578742240.0
2023-03-31,375500,192921071940.0,1657147824570.0,1850068896510.0
2022-12-31,375500,263924183360.0,1992330132850.0,2256254316210.0
2023-12-31,37550L,221151925370.0,2111842865690.0,2332994791060.0
2023-09-30,37550L,176661684070.0,1660759502790.0,1837421186860.0
2023-06-30,37550L,191375903990.0,1779202838250.0,1970578742240.0
2023-03-31,37550L,192921071940.0,1657147824570.0,1850068896510.0
2022-12-31,37550L,263924183360.0,1992330132850.0,2256254316210.0
2023-12-31,37550K,221151925370.0,2111842865690.0,2332994791060.0
2023-09-30,37550K,176661684070.0,1660759502790.0,1837421186860.0
2023-06-30,37550K,191375903990.0,1779202838250.0,1970578742240.0
2023-03-31,37550K,192921071940.0,1657147824570.0,1850068896510.0
2022-12-31,37550K,263924183360.0,1992330132850.0,2256254316210.0
2023-12-31,007340,204034308570.0,602238012980.0,806272321550.0
2023-09-30,007340,203219732890.0,598083715500.0,801303448390.0
2023-06-30,007340,211889705290.0,619666422870.0,831556128160.0
2023-03-31,007340,206539957090.0,623571209920.0,830111167010.0
2022-12-31,007340,216149239460.0,656370127440.0,872519366900.0
2023-12-31,004840,35069444610.0,164231787010.0,199301231620.0
2023-09-30,004840,34831614680.0,140114126250.0,174945740930.0
2023-06-30,004840,38265206840.0,156173159560.0,194438366400.0
2023-03-31,004840,36987010000.0,132105418870.0,169092428870.0
2022-12-31,004840,40968958260.0,139732031230.0,180700989490.0
2023-09-30,155660,11929599740.0,59655818460.0,71585418200.0
2023-06-30,155660,12988494750.0,66822559090.0,79811053840.0
2023-03-31,155660,11644060630.0,59752403620.0,71396464250.0
2022-12-31,155660,13983570680.0,73814253250.0,87797823930.0
2023-09-30,069730,9253958760.0,42580080570.0,51834039330.0
2023-06-30,069730,9918307130.0,45636723490.0,55555030620.0
2023-03-31,069730,9057854820.0,41311018110.0,50368872930.0
2022-12-31,069730,12299720860.0,56973770260.0,69273491120.0
2022-12-31,017860,17326063310.0,274211143170.0,291537206480.0
2023-09-30,017940,50893217560.0,1788589792170.0,1839483009730.0
2023-06-30,017940,174708637860.0,1700060207250.0,1874768845110.0
2023-03-31,017940,132421480230.0,1877229610810.0,2009651091040.0
2022-12-31,017940,181034989160.0,1818396037770.0,1999431026930.0
2023-02-28,365550,24503896620.0,24503896620.0
2023-09-30,383220,330074261850.0,162741191900.0,492815453750.0
2023-06-30,383220,284347111650.0,121132766230.0,405479877880.0
2023-03-31,383220,343992630710.0,153411723510.0,497404354220.0
2022-12-31,383220,391766061300.0,166885968470.0,558652029770.0
2023-09-30,007700,332784441490.0,163287755720.0,496072197210.0
2023-06-30,007700,284093432300.0,122029648290.0,406123080590.0
2023-03-31,007700,345729442060.0,154067444390.0,499796886450.0
2022-12-31,007700,392765515720.0,170524261930.0,563289777650.0
2023-09-30,114090,20624811090.0,75968892140.0,96593703230.0
2023-06-30,114090,18645586870.0,81588460410.0,100234047280.0
2023-03-31,114090,33827066310.0,75334446690.0,109161513000.0
2022-12-31,114090,13700890540.0,79049109790.0,92750000330.0
2023-09-30,078930,1970405000000.0,4515888000000.0,6486293000000.0
2023-06-30,078930,1460678000000.0,4703042000000.0,6163720000000.0
2023-03-31,078930,1794586000000.0,5041934000000.0,6836520000000.0
2022-12-31,078930,1663677000000.0,5479028000000.0,7142705000000.0
2023-09-30,006360,225378626040.0,2882138182010.0,3107516808050.0
2023-06-30,006360,-250250391260.0,3745307303760.0,3495056912500.0
2023-03-31,006360,346093238760.0,3166588301540.0,3512681540300.0
2022-12-31,006360,354445151300.0,3567928653330.0,3922373804630.0
2023-09-30,001250,51091192660.0,866363832100.0,917455024760.0
2023-06-30,001250,49699604820.0,960635688260.0,1010335293080.0
2023-03-31,001250,52728260860.0,950211271700.0,1002939532560.0
2022-12-31,001250,49382231750.0,1116810917390.0,1166193149140.0
2023-12-31,007070,724468144990.0,2139850038040.0,2864318183030.0
2023-09-30,007070,789639075690.0,2300578895960.0,3090217971650.0
2023-06-30,007070,755266630500.0,2202500773780.0,2957767404280.0
2023-03-31,007070,690650218640.0,2009594143120.0,2700244361760.0
2022-12-31,007070,741641817290.0,2146843734540.0,2888485551830.0
2023-09-30,078935,1970405000000.0,4515888000000.0,6486293000000.0
2023-06-30,078935,1460678000000.0,4703042000000.0,6163720000000.0
2023-03-31,078935,1794586000000.0,5041934000000.0,6836520000000.0
2022-12-31,078935,1663677000000.0,5479028000000.0,7142705000000.0
2023-09-30,012630,184909328570.0,1275095759100.0,1460005087670.0
2023-06-30,012630,129025974530.0,1240313755290.0,1369339729820.0
2023-03-31,012630,167503027220.0,1322281647790.0,1489784675010.0
2022-12-31,012630,186989211310.0,1142851337640.0,1329840548950.0
2023-09-30,039570,11920856470.0,142896503600.0,154817360070.0
2023-06-30,039570,13178790720.0,138404742720.0,151583533440.0
2023-03-31,039570,11298424350.0,112029928910.0,123328353260.0
2022-12-31,039570,16883691190.0,151792463680.0,168676154870.0
2023-09-30,089470,27426716450.0,221542008210.0,248968724660.0
2023-06-30,089470,24702487470.0,232136933650.0,256839421120.0
2023-03-31,089470,26579640700.0,232381933190.0,258961573890.0
2022-12-31,089470,26138210990.0,233441188480.0,259579399470.0
2023-12-31,294870,126750716970.0,1022340653700.0,1149091370670.0
2023-09-30,294870,104851850910.0,928300180560.0,1033152031470.0
2023-06-30,294870,58530628580.0,875102268230.0,933632896810.0
2023-03-31,294870,90604264740.0,984307584650.0,1074911849390.0
2022-12-31,294870,120965993490.0,794313139660.0,915279133150.0
2023-09-30,009540,296944556000.0,4714261305000.0,5011205861000.0
2023-06-30,009540,282729319000.0,5170910682000.0,5453640001000.0
2023-03-31,009540,203765699000.0,4638593786000.0,4842359485000.0
2022-12-31,009540,184278142000.0,4756992348000.0,4941270490000.0
2023-09-30,267250,1402377921000.0,12320863171000.0,13723241092000.0
2023-06-30,267250,1182501222000.0,14438783391000.0,15621284613000.0
2023-03-31,267250,1271765458000.0,14002205209000.0,15273970667000.0
2022-12-31,267250,921710219000.0,15590125506000.0,16511835725000.0
2023-09-30,267270,171127061000.0,757595004000.0,928722065000.0
2023-06-30,267270,208011874000.0,824099708000.0,1032111582000.0
2023-03-31,267270,193922276000.0,824350431000.0,1018272707000.0
2022-12-31,267270,145771721000.0,687626873000.0,833398594000.0
2023-09-30,322000,17056256710.0,123874503470.0,140930760180.0
2023-06-30,322000,18581539770.0,132469503960.0,151051043730.0
2023-03-31,322000,23565714840.0,117246858870.0,140812573710.0
2022-12-31,322000,53985473020.0,222352646260.0,276338119280.0
2023-09-30,042670,259667542030.0,816552996690.0,1076220538720.0
2023-06-30,042670,332001013760.0,981961845870.0,1313962859630.0
2023-03-31,042670,318164858730.0,969673233530.0,1287838092260.0
2022-12-31,042670,266064306100.0,970691967990.0,1236756274090.0
2023-09-30,267260,166735262170.0,527683250760.0,694418512930.0
2023-06-30,267260,118124075770.0,524358000960.0,642482076730.0
2023-03-31,267260,112224940430.0,456366471170.0,568591411600.0
2022-12-31,267260,104181225020.0,573328777570.0,677510002590.0
2023-09-30,329180,161162624000.0,2692363761000.0,2853526385000.0
2023-06-30,329180,198357334000.0,2866040479000.0,3064397813000.0
2023-03-31,329180,125995183000.0,2506895078000.0,2632890261000.0
2022-12-31,329180,99767948000.0,2574479959000.0,2674247907000.0
2023-09-30,097230,-12286000000.0,502803000000.0,490517000000.0
2023-06-30,097230,-49094000000.0,550472000000.0,501378000000.0
2023-03-31,097230,11985000000.0,393036000000.0,405021000000.0
2022-12-31,097230,22402000000.0,574461000000.0,596863000000.0
2023-12-31,014790,43752494970.0,389501554360.0,433254049330.0
2023-09-30,014790,43614661180.0,367922556420.0,411537217600.0
2023-06-30,014790,33628218550.0,356876124150.0,390504342700.0
2023-03-31,014790,31607866910.0,305074105950.0,336681972860.0
2022-12-31,014790,62740271650.0,375536089100.0,438276360750.0
2023-09-30,003580,9929100400.0,12798166060.0,22727266460.0
2023-06-30,003580,9309559820.0,11192138220.0,20501698040.0
2023-03-31,003580,8306025830.0,9817772490.0,18123798320.0
2022-12-31,003580,699587330.0,8774512830.0,9474100160.0
2023-09-30,060980,19904265200.0,261230938280.0,281135203480.0
2023-06-30,060980,91007276240.0,271425997920.0,362433274160.0
2023-03-31,060980,61308115360.0,261143036590.0,322451151950.0
2022-12-31,060980,18616977720.0,300732862620.0,319349840340.0
2023-12-31,011200,164131000000.0,1898690000000.0,2062821000000.0
2023-09-30,011200,167843000000.0,1958756000000.0,2126599000000.0
2023-06-30,011200,242354000000.0,1887634000000.0,2129988000000.0
2023-03-31,011200,401077000000.0,1680484000000.0,2081561000000.0
2022-12-31,011200,1432767000000.0,2091066000000.0,3523833000000.0
2023-12-31,035000,67720162710.0,122343084570.0,190063247280.0
2023-09-30,035000,55242130400.0,61211467720.0,116453598120.0
2023-06-30,035000,57350114650.0,94865848560.0,152215963210.0
2023-03-31,035000,39407379770.0,50193810630.0,89601190400.0
2022-12-31,035000,68576187290.0,160118424510.0,228694611800.0
2023-12-31,003560,7615826890.0,7615826890.0
2023-09-30,003560,8149828820.0,8149828820.0
2023-06-30,003560,11064819590.0,11064819590.0
2023-03-31,003560,9469806200.0,9469806200.0
2022-12-31,003560,12094739350.0,12094739350.0
2023-12-31,234080,13843435100.0,39794006280.0,53637441380.0
2023-09-30,234080,11891327750.0,39249915790.0,51141243540.0
2023-06-30,234080,13115908310.0,38973782520.0,52089690830.0
2023-03-31,234080,13542353410.0,36449642630.0,49991996040.0
2022-12-31,234080,13034888880.0,37207843800.0,50242732680.0
2023-12-31,001060,94226528990.0,110791508360.0,205018037350.0
2023-09-30,001060,81972107530.0,102230692350.0,184202799880.0
2023-06-30,001060,83593542660.0,102329029170.0,185922571830.0
2023-03-31,001060,75750216880.0,97633081870.0,173383298750.0
2022-12-31,001060,88795928420.0,104363102360.0,193159030780.0
2023-12-31,001067,94226528990.0,110791508360.0,205018037350.0
2023-09-30,001067,81972107530.0,102230692350.0,184202799880.0
2023-06-30,001067,83593542660.0,102329029170.0,185922571830.0
2023-03-31,001067,75750216880.0,97633081870.0,173383298750.0
2022-12-31,001067,88795928420.0,104363102360.0,193159030780.0
2023-12-31,001065,94226528990.0,110791508360.0,205018037350.0
2023-09-30,001065,81972107530.0,102230692350.0,184202799880.0
2023-06-30,001065,83593542660.0,102329029170.0,185922571830.0
2023-03-31,001065,75750216880.0,97633081870.0,173383298750.0
2022-12-31,001065,88795928420.0,104363102360.0,193159030780.0
2023-09-30,096760,103197510930.0,113304349850.0,216501860780.0
2023-06-30,096760,112670815780.0,120981391640.0,233652207420.0
2023-03-31,096760,103722207000.0,112672107530.0,216394314530.0
2022-12-31,096760,120002863660.0,120903538080.0,240906401740.0
2023-04-30,432320,15882849550.0,15882849550.0
2022-12-31,432320,11690728010.0,11690728010.0
2023-09-30,002380,329684187760.0,1223040349490.0,1552724537250.0
2023-06-30,002380,346472658900.0,1241872175280.0,1588344834180.0
2023-03-31,002380,313399436610.0,1251543338760.0,1564942775370.0
2022-12-31,002380,327877143740.0,1313330412040.0,1641207555780.0
2023-12-31,344820,73082012770.0,365460672500.0,438542685270.0
2023-09-30,344820,70415667910.0,354686947900.0,425102615810.0
2023-06-30,344820,78168535730.0,359577449960.0,437745985690.0
2023-03-31,344820,60313105350.0,318351254470.0,378664359820.0
2022-12-31,344820,71730062560.0,356922620200.0,428652682760.0
2023-12-31,009070,23252641000.0,180769805970.0,204022446970.0
2023-09-30,009070,26826523870.0,183990713130.0,210817237000.0
2023-06-30,009070,25245938970.0,176353078220.0,201599017190.0
2023-03-31,009070,25899639630.0,180787088890.0,206686728520.0
2022-12-31,009070,20932700840.0,212383375760.0,233316076600.0
2023-09-30,009440,21829890440.0,157684942190.0,179514832630.0
2023-06-30,009440,20341265500.0,187055371980.0,207396637480.0
2023-03-31,009440,19974753650.0,174483530180.0,194458283830.0
2022-12-31,009440,41892042800.0,195856967950.0,237749010750.0
2023-09-30,119650,10822273020.0,90091868450.0,100914141470.0
2023-06-30,119650,4569371150.0,111640553720.0,116209924870.0
2023-03-31,119650,9924173310.0,102765479030.0,112689652340.0
2022-12-31,119650,7338783800.0,121672752470.0,129011536270.0
2023-09-30,092220,1478407250.0,50629036600.0,52107443850.0
2023-06-30,092220,124610620.0,56979721870.0,57104332490.0
2023-03-31,092220,4548456730.0,47271982020.0,51820438750.0
2022-12-31,092220,6620130690.0,39942267350.0,46562398040.0
2023-09-30,003620,114142807650.0,790595996400.0,904738804050.0
2023-06-30,003620,126964940410.0,878386293020.0,1005351233430.0
2023-03-31,003620,120514621590.0,964504240610.0,1085018862200.0
2022-12-31,003620,102997766290.0,916608368380.0,1019606134670.0
2023-09-30,016380,108270558980.0,776654045560.0,884924604540.0
2023-06-30,016380,114383341360.0,773630223060.0,888013564420.0
2023-03-31,016380,106223247340.0,712394435640.0,818617682980.0
2022-12-31,016380,74005187680.0,734247767880.0,808252955560.0
2023-09-30,001390,319906260780.0,1900703545440.0,2220609806220.0
2023-06-30,001390,344011735930.0,1977835597000.0,2321847332930.0
2023-03-31,001390,360259185660.0,2029320798320.0,2389579983980.0
2022-12-31,001390,320940668990.0,1991466448120.0,2312407117110.0
2023-09-30,033180,6533671370.0,37976555040.0,44510226410.0
2023-06-30,033180,7701555260.0,20530721490.0,28232276750.0
2023-03-31,033180,10360156190.0,28322476890.0,38682633080.0
2022-12-31,033180,7860753370.0,34316520430.0,42177273800.0
2023-09-30,015590,5100617710.0,25926466850.0,31027084560.0
2023-06-30,015590,6938619980.0,25533014830.0,32471634810.0
2023-03-31,015590,8516759850.0,24429725840.0,32946485690.0
2022-12-31,015590,2440925520.0,31557530720.0,33998456240.0
2023-09-30,001940,46411914940.0,293548810850.0,339960725790.0
2023-06-30,001940,64468982210.0,343161002710.0,407629984920.0
2023-03-31,001940,49588071940.0,365574537320.0,415162609260.0
2022-12-31,001940,62351453110.0,324463215220.0,386814668330.0
2023-12-31,025000,37130921150.0,191938419270.0,229069340420.0
2023-09-30,025000,37430472350.0,193894250970.0,231324723320.0
2023-06-30,025000,33003174660.0,187967599280.0,220970773940.0
2023-03-31,025000,34686545730.0,195068251650.0,229754797380.0
2022-12-31,025000,37828369550.0,211034408130.0,248862777680.0
2023-12-31,092230,46212123200.0,258489807560.0,304701930760.0
2023-09-30,092230,48041414950.0,262070539120.0,310111954070.0
2023-06-30,092230,45897780790.0,251750400780.0,297648181570.0
2023-03-31,092230,44933320830.0,249614772270.0,294548093100.0
2022-12-31,092230,46810443560.0,261776279600.0,308586723160.0
2023-09-30,000040,1358804670.0,17737033840.0,19095838510.0
2023-06-30,000040,2233234840.0,22857686340.0,25090921180.0
2023-03-31,000040,1218235480.0,15415280350.0,16633515830.0
2022-12-31,000040,4165363610.0,22740030350.0,26905393960.0
2023-09-30,044450,24793963940.0,88710667570.0,113504631510.0
2023-06-30,044450,25645353240.0,96825532990.0,122470886230.0
2023-03-31,044450,26581806060.0,82208430460.0,108790236520.0
2022-12-31,044450,24554232500.0,96129361920.0,120683594420.0
2023-12-31,030200,,,
2023-09-30,030200,4221635000000.0,2475807000000.0,6697442000000.0
2023-06-30,030200,4354870000000.0,2192651000000.0,6547521000000.0
2023-03-31,030200,4042623000000.0,2401053000000.0,6443676000000.0
2022-12-31,030200,3966275000000.0,2605527000000.0,6571802000000.0
2023-12-31,033780,621909843490.0,819523490880.0,1441433334370.0
2023-09-30,033780,827117638370.0,862391923180.0,1689509561550.0
2023-06-30,033780,650893974780.0,685100949290.0,1335994924070.0
2023-03-31,033780,708293543350.0,687376636650.0,1395670180000.0
2022-12-31,033780,672155871210.0,734587359040.0,1406743230250.0
2023-09-30,058850,269447542160.0,269447542160.0
2023-06-30,058850,256041094690.0,256041094690.0
2023-03-31,058850,214942664060.0,214942664060.0
2022-12-31,058850,279845490860.0,279845490860.0
2023-12-31,058860,68616643160.0,,160268069160.0
2023-09-30,058860,145480599150.0,,145480599150.0
2023-06-30,058860,128877310300.0,15613821000.0,144491131300.0
2023-03-31,058860,116765453110.0,25954418000.0,142719871110.0
2022-12-31,058860,124289653950.0,14886727000.0,139176380950.0
2023-09-30,093050,241805533040.0,175056441240.0,416861974280.0
2023-06-30,093050,275792342830.0,198275646110.0,474067988940.0
2023-03-31,093050,251118621440.0,190275913520.0,441394534960.0
2022-12-31,093050,319633099380.0,239204518310.0,558837617690.0
2023-09-30,003550,606858000000.0,1254887000000.0,1861745000000.0
2023-06-30,003550,560644000000.0,1338770000000.0,1899414000000.0
2023-03-31,003550,604425000000.0,1044624000000.0,1649049000000.0
2022-12-31,003550,224706000000.0,1692174000000.0,1916880000000.0
2023-12-31,034220,,,
2023-09-30,034220,37330000000.0,4747957000000.0,4785287000000.0
2023-06-30,034220,-172622000000.0,4911193000000.0,4738571000000.0
2023-03-31,034220,-383434000000.0,4794490000000.0,4411056000000.0
2022-12-31,034220,-20075000000.0,7321703000000.0,7301628000000.0
2023-12-31,051900,811951323550.0,755263627400.0,1567214950950.0
2023-09-30,051900,922314836740.0,823866189800.0,1746181026540.0
2023-06-30,051900,987861011710.0,819858986560.0,1807719998270.0
2023-03-31,051900,904791116480.0,778932277880.0,1683723394360.0
2022-12-31,051900,1004919026270.0,802842134310.0,1807761160580.0
2023-12-31,051905,811951323550.0,755263627400.0,1567214950950.0
2023-09-30,051905,922314836740.0,823866189800.0,1746181026540.0
2023-06-30,051905,987861011710.0,819858986560.0,1807719998270.0
2023-03-31,051905,904791116480.0,778932277880.0,1683723394360.0
2022-12-31,051905,1004919026270.0,802842134310.0,1807761160580.0
2023-09-30,373220,1341569000000.0,6881973000000.0,8223542000000.0
2023-06-30,373220,1334076000000.0,7439411000000.0,8773487000000.0
2023-03-31,373220,1294210000000.0,7452907000000.0,8747117000000.0
2022-12-31,373220,1298651000000.0,7238892000000.0,8537543000000.0
2023-09-30,003555,606858000000.0,1254887000000.0,1861745000000.0
2023-06-30,003555,560644000000.0,1338770000000.0,1899414000000.0
2023-03-31,003555,604425000000.0,1044624000000.0,1649049000000.0
2022-12-31,003555,224706000000.0,1692174000000.0,1916880000000.0
2023-12-31,032640,2907228000000.0,913647000000.0,3820875000000.0
2023-09-30,032640,2893839000000.0,687238000000.0,3581077000000.0
2023-06-30,032640,2889424000000.0,539907000000.0,3429331000000.0
2023-03-31,032640,2809860000000.0,731483000000.0,3541343000000.0
2022-12-31,032640,2860232000000.0,750377000000.0,3610609000000.0
2023-12-31,011070,760969762520.0,6797668276550.0,7558638039070.0
2023-09-30,011070,435392453960.0,4328188741350.0,4763581195310.0
2023-06-30,011070,266809032090.0,3640399674340.0,3907208706430.0
2023-03-31,011070,400144609780.0,3975717491780.0,4375862101560.0
2022-12-31,011070,533179373310.0,6014537003610.0,6547716376920.0
2023-12-31,066570,4735228000000.0,18368868000000.0,23104096000000.0
2023-09-30,066570,5011480000000.0,15697860000000.0,20709340000000.0
2023-06-30,066570,4886004000000.0,15112453000000.0,19998457000000.0
2023-03-31,066570,5169943000000.0,15245929000000.0,20415872000000.0
2022-12-31,066570,4233980000000.0,17623528000000.0,21857508000000.0
2023-12-31,066575,4735228000000.0,18368868000000.0,23104096000000.0
2023-09-30,066575,5011480000000.0,15697860000000.0,20709340000000.0
2023-06-30,066575,4886004000000.0,15112453000000.0,19998457000000.0
2023-03-31,066575,5169943000000.0,15245929000000.0,20415872000000.0
2022-12-31,066575,4233980000000.0,17623528000000.0,21857508000000.0
2023-12-31,037560,266410426960.0,70935206000.0,337345632960.0
2023-09-30,037560,256145070350.0,32506719000.0,288651789350.0
2023-06-30,037560,256957319060.0,29712827000.0,286670146060.0
2023-03-31,037560,240023862470.0,37566018000.0,277589880470.0
2022-12-31,037560,253995783810.0,28553019000.0,282548802810.0
2023-09-30,051910,2317717000000.0,11177109000000.0,13494826000000.0
2023-06-30,051910,2429749000000.0,12111772000000.0,14541521000000.0
2023-03-31,051910,2325137000000.0,12161129000000.0,14486266000000.0
2022-12-31,051910,2195070000000.0,11657244000000.0,13852314000000.0
2023-09-30,051915,2317717000000.0,11177109000000.0,13494826000000.0
2023-06-30,051915,2429749000000.0,12111772000000.0,14541521000000.0
2023-03-31,051915,2325137000000.0,12161129000000.0,14486266000000.0
2022-12-31,051915,2195070000000.0,11657244000000.0,13852314000000.0
2023-09-30,079550,77105654150.0,458869474980.0,535975129130.0
2023-06-30,079550,79661768630.0,466093587420.0,545755356050.0
2023-03-31,079550,105248214050.0,441550817980.0,546799032030.0
2022-12-31,079550,69350043860.0,538450984510.0,607801028370.0
2023-09-30,006260,572186000000.0,5441674000000.0,6013860000000.0
2023-06-30,006260,653905000000.0,5855422000000.0,6509327000000.0
2023-03-31,006260,585378000000.0,5513079000000.0,6098457000000.0
2022-12-31,006260,506673000000.0,5292717000000.0,5799390000000.0
2023-12-31,010120,191283072870.0,839094583830.0,1030377656700.0
2023-09-30,010120,176287513140.0,846273564930.0,1022561078070.0
2023-06-30,010120,216457649770.0,985299869130.0,1201757518900.0
2023-03-31,010120,189405326280.0,786381048490.0,975786374770.0
2022-12-31,010120,140395178340.0,789250070660.0,929645249000.0
2023-09-30,000680,25266110250.0,60044828080.0,85310938330.0
2023-06-30,000680,35525786970.0,68819404470.0,104345191440.0
2023-03-31,000680,25389142440.0,61678941380.0,87068083820.0
2022-12-31,000680,31841217070.0,66496753220.0,98337970290.0
2023-09-30,229640,17018863240.0,150466848170.0,167485711410.0
2023-06-30,229640,10737516250.0,176574063240.0,187311579490.0
2023-03-31,229640,13124327330.0,163298946960.0,176423274290.0
2022-12-31,229640,3928291700.0,190334515700.0,194262807400.0
2023-12-31,108320,156854545430.0,355892586120.0,512747131550.0
2023-09-30,108320,129105704570.0,283659312530.0,412765017100.0
2023-06-30,108320,111148868890.0,343318796620.0,454467665510.0
2023-03-31,108320,136867719150.0,384597441710.0,521465160860.0
2022-12-31,108320,106330651450.0,350131833850.0,456462485300.0
2023-12-31,001120,311669945730.0,3402998642850.0,3714668588580.0
2023-09-30,001120,294853737710.0,3364518126000.0,3659371863710.0
2023-06-30,001120,370880843640.0,3069513189130.0,3440394032770.0
2023-03-31,001120,398228264330.0,3301687119740.0,3699915384070.0
2022-12-31,001120,419297019200.0,3692786075470.0,4112083094670.0
2023-12-31,108670,189940000000.0,692773000000.0,882713000000.0
2023-09-30,108670,220070000000.0,644167000000.0,864237000000.0
2023-06-30,108670,236975000000.0,701505000000.0,938480000000.0
2023-03-31,108670,193638000000.0,646739000000.0,840377000000.0
2022-12-31,108670,134525000000.0,752721000000.0,887246000000.0
2023-12-31,108675,189940000000.0,692773000000.0,882713000000.0
2023-09-30,108675,220070000000.0,644167000000.0,864237000000.0
2023-06-30,108675,236975000000.0,701505000000.0,938480000000.0
2023-03-31,108675,193638000000.0,646739000000.0,840377000000.0
2022-12-31,108675,134525000000.0,752721000000.0,887246000000.0
2023-09-30,383800,30403000000.0,526000000.0,30929000000.0
2023-06-30,383800,32057000000.0,552000000.0,32609000000.0
2023-03-31,383800,49548000000.0,4862000000.0,54410000000.0
2023-09-30,38380K,30403000000.0,526000000.0,30929000000.0
2023-06-30,38380K,32057000000.0,552000000.0,32609000000.0
2023-03-31,38380K,49548000000.0,4862000000.0,54410000000.0
2023-12-31,023150,10758034190.0,17421446990.0,28179481180.0
2023-09-30,023150,11261539810.0,14588323280.0,25849863090.0
2023-06-30,023150,13075734750.0,15970628090.0,29046362840.0
2023-03-31,023150,5810122700.0,16598265510.0,22408388210.0
2022-12-31,023150,10787200880.0,17497451360.0,28284652240.0
2023-12-31,035420,2537004066720.0,2537004066720.0
2023-09-30,035420,2445292487210.0,2445292487210.0
2023-06-30,035420,2407904484960.0,2407904484960.0
2023-03-31,035420,2280442537690.0,2280442537690.0
2022-12-31,035420,2271743121420.0,2271743121420.0
2023-09-30,181710,571532815850.0,571532815850.0
2023-06-30,181710,551432170010.0,551432170010.0
2023-03-31,181710,548338063810.0,548338063810.0
2022-12-31,181710,560652527460.0,560652527460.0
2023-09-30,400760,10241303320.0,10241303320.0
2023-03-31,400760,10342175610.0,10342175610.0
2023-02-28,338100,1688079790.0,1688079790.0
2023-09-30,034310,572318902270.0,209237729000.0,781556631270.0
2023-06-30,034310,529340981840.0,142223097000.0,671564078840.0
2023-03-31,034310,484374616300.0,134654474000.0,619029090300.0
2022-12-31,034310,553741833970.0,145693055000.0,699434888970.0
2023-09-30,030190,118821708040.0,118821708040.0
2023-06-30,030190,125948219770.0,125948219770.0
2023-03-31,030190,119229322570.0,119229322570.0
2022-12-31,030190,116996284810.0,116996284810.0
2023-12-31,008260,16528797170.0,59986095480.0,76514892650.0
2023-09-30,008260,24367832290.0,61155705820.0,85523538110.0
2023-06-30,008260,27380727880.0,82631913640.0,110012641520.0
2023-03-31,008260,29035533420.0,81824533100.0,110860066520.0
2022-12-31,008260,28918548790.0,74635070210.0,103553619000.0
2023-09-30,004250,25012243850.0,112059999910.0,137072243760.0
2023-06-30,004250,23903696380.0,107687299890.0,131590996270.0
2023-03-31,004250,21465037540.0,105407507970.0,126872545510.0
2022-12-31,004250,19124691520.0,125497599190.0,144622290710.0
2023-09-30,004255,25012243850.0,112059999910.0,137072243760.0
2023-06-30,004255,23903696380.0,107687299890.0,131590996270.0
2023-03-31,004255,21465037540.0,105407507970.0,126872545510.0
2022-12-31,004255,19124691520.0,125497599190.0,144622290710.0
2023-12-31,456040,59488469000.0,435047336000.0,494535805000.0
2023-09-30,456040,60799020000.0,389284543000.0,450083563000.0
2023-12-31,010060,103385729000.0,542215785000.0,645601514000.0
2023-09-30,010060,190951458000.0,499306995000.0,690258453000.0
2023-06-30,010060,174108819000.0,420163761000.0,594272580000.0
2023-03-31,010060,242022562000.0,477536784000.0,719559346000.0
2022-12-31,010060,408234773000.0,919340680000.0,1327575453000.0
2023-12-31,178920,7699202230.0,45697897980.0,53397100210.0
2023-09-30,178920,11322705930.0,50065778770.0,61388484700.0
2023-06-30,178920,9593169160.0,50622430940.0,60215600100.0
2023-03-31,178920,-3311110910.0,45949309620.0,42638198710.0
2022-12-31,178920,15882714680.0,36971128710.0,52853843390.0
2023-09-30,005490,1911050000000.0,17049781000000.0,18960831000000.0
2023-06-30,005490,2033843000000.0,18087528000000.0,20121371000000.0
2023-03-31,005490,1373436000000.0,18007442000000.0,19380878000000.0
2022-12-31,005490,412552000000.0,19088405000000.0,19500957000000.0
2023-09-30,010950,1042686000000.0,7956869000000.0,8999555000000.0
2023-06-30,010950,207111000000.0,7612480000000.0,7819591000000.0
2023-03-31,010950,690355000000.0,8387280000000.0,9077635000000.0
2022-12-31,010950,36824000000.0,10557140000000.0,10593964000000.0
2023-09-30,010955,1042686000000.0,7956869000000.0,8999555000000.0
2023-06-30,010955,207111000000.0,7612480000000.0,7819591000000.0
2023-03-31,010955,690355000000.0,8387280000000.0,9077635000000.0
2022-12-31,010955,36824000000.0,10557140000000.0,10593964000000.0
2023-09-30,034120,51552749280.0,186808880890.0,238361630170.0
2023-06-30,034120,69553903320.0,201601317400.0,271155220720.0
2023-03-31,034120,34060152820.0,183458480510.0,217518633330.0
2022-12-31,034120,94231093460.0,301968044720.0,396199138180.0
2023-12-31,005090,45521690300.0,629912201380.0,675433891680.0
2023-09-30,005090,83295138250.0,717204237290.0,800499375540.0
2023-06-30,005090,28207360090.0,778051232150.0,806258592240.0
2023-03-31,005090,53727514510.0,688132261240.0,741859775750.0
2022-12-31,005090,89776784140.0,736231916790.0,826008700930.0
2023-09-30,001380,1956823640.0,19079150320.0,21035973960.0
2023-06-30,001380,4263222240.0,21126898660.0,25390120900.0
2023-03-31,001380,3066209190.0,18258662230.0,21324871420.0
2022-12-31,001380,2431467800.0,17272683320.0,19704151120.0
2023-12-31,004060,19071229700.0,16755505900.0,35826735600.0
2023-09-30,004060,13731836550.0,21386954060.0,35118790610.0
2023-06-30,004060,17407930700.0,16871821660.0,34279752360.0
2023-03-31,004060,16702209470.0,21152541820.0,37854751290.0
2022-12-31,004060,21597712630.0,17197778900.0,38795491530.0
2023-09-30,001770,585524480.0,26926560720.0,27512085200.0
2023-06-30,001770,1057554510.0,26158255590.0,27215810100.0
2023-03-31,001770,1914002150.0,22426443900.0,24340446050.0
2022-12-31,001770,4689854300.0,24155045670.0,28844899970.0
2023-09-30,002360,1078573320.0,33346589350.0,34425162670.0
2023-06-30,002360,2903031820.0,35793642120.0,38696673940.0
2023-03-31,002360,2030430260.0,30526095420.0,32556525680.0
2022-12-31,002360,2304784800.0,37503423930.0,39808208730.0
2023-09-30,009160,15872913010.0,131277407870.0,147150320880.0
2023-06-30,009160,16961683730.0,150799028660.0,167760712390.0
2023-03-31,009160,20173322170.0,102026443640.0,122199765810.0
2022-12-31,009160,20794816830.0,128324706400.0,149119523230.0
2023-09-30,123700,12652085820.0,38100896040.0,50752981860.0
2023-06-30,123700,11185865970.0,38275708870.0,49461574840.0
2023-03-31,123700,12181262870.0,35745498010.0,47926760880.0
2022-12-31,123700,9223749340.0,39324955570.0,48548704910.0
2023-09-30,025530,13784085650.0,37969187020.0,51753272670.0
2023-06-30,025530,12385765750.0,38203421630.0,50589187380.0
2023-03-31,025530,13860631340.0,35032469530.0,48893100870.0
2022-12-31,025530,10471135930.0,38878784970.0,49349920900.0
2023-12-31,034730,2352638000000.0,30301200000000.0,32653838000000.0
2023-09-30,034730,4590608000000.0,29273437000000.0,33864045000000.0
2023-06-30,034730,2448734000000.0,29474485000000.0,31923219000000.0
2023-03-31,034730,3020896000000.0,29681690000000.0,32702586000000.0
2022-12-31,034730,1549899000000.0,32983971000000.0,34533870000000.0
2023-12-31,011790,-106045993250.0,-152794289040.0,-258840282290.0
2023-09-30,011790,30770342280.0,519810185150.0,550580527430.0
2023-06-30,011790,51339146150.0,579556759310.0,630895905460.0
2023-03-31,011790,47182821490.0,621929927410.0,669112748900.0
2022-12-31,011790,31025282380.0,732669725350.0,763695007730.0
2023-12-31,018670,79395148310.0,1548799566280.0,1628194714590.0
2023-09-30,018670,121863351170.0,1598283207290.0,1720146558460.0
2023-06-30,018670,129218073040.0,1364848724460.0,1494066797500.0
2023-03-31,018670,285670966550.0,1864178353750.0,2149849320300.0
2022-12-31,018670,265888933910.0,1685426610380.0,1951315544290.0
2023-12-31,001740,286108000000.0,1937237000000.0,2223345000000.0
2023-09-30,001740,316786000000.0,1966195000000.0,2282981000000.0
2023-06-30,001740,322138000000.0,1855716000000.0,2177854000000.0
2023-03-31,001740,307177000000.0,2142510000000.0,2449687000000.0
2022-12-31,001740,303539000000.0,2242007000000.0,2545546000000.0
2023-09-30,006120,313919267190.0,2045874181410.0,2359793448600.0
2023-06-30,006120,223700878760.0,1683013435960.0,1906714314720.0
2023-03-31,006120,385241244370.0,2167217571490.0,2552458815860.0
2022-12-31,006120,406262135980.0,2075993706540.0,2482255842520.0
2023-09-30,006125,313919267190.0,2045874181410.0,2359793448600.0
2023-06-30,006125,223700878760.0,1683013435960.0,1906714314720.0
2023-03-31,006125,385241244370.0,2167217571490.0,2552458815860.0
2022-12-31,006125,406262135980.0,2075993706540.0,2482255842520.0
2023-09-30,210980,57919621960.0,57919621960.0
2023-06-30,210980,270911228800.0,270911228800.0
2023-03-31,210980,67630205120.0,67630205120.0
2022-12-31,210980,426075298100.0,186532486580.0
2023-09-30,302440,105481796400.0,126344487330.0,231826283730.0
2023-06-30,302440,6480732100.0,19997495240.0,26478227340.0
2023-03-31,302440,885120820.0,19711707370.0,20596828190.0
2023-12-31,326030,112781151910.0,13974695680.0,126755847590.0
2023-09-30,326030,83542559890.0,6795710940.0,90338270830.0
2023-06-30,326030,67639209530.0,9373868200.0,77013077730.0
2023-03-31,326030,56846136980.0,3938222390.0,60784359370.0
2022-12-31,326030,52203711790.0,10563328680.0,62767040470.0
2023-12-31,402340,2076826000000.0,275440000000.0,2352266000000.0
2023-09-30,402340,-158797000000.0,199251000000.0,40454000000.0
2023-06-30,402340,-316227000000.0,188837000000.0,-127390000000.0
2023-03-31,402340,-198410000000.0,209588000000.0,11178000000.0
2022-12-31,402340,10705000000.0,406281000000.0,416986000000.0
2023-12-31,361610,61117003000.0,111377468000.0,172494471000.0
2023-09-30,361610,38996905000.0,143238460000.0,182235365000.0
2023-06-30,361610,27723209000.0,124085244000.0,151808453000.0
2023-03-31,361610,25636979000.0,117393037000.0,143030016000.0
2022-12-31,361610,14984781000.0,162399426000.0,177384207000.0
2023-12-31,100090,20592129020.0,190605484740.0,211197613760.0
2023-09-30,100090,22684454570.0,214312512490.0,236996967060.0
2023-06-30,100090,37158379780.0,220783180840.0,257941560620.0
2023-03-31,100090,24576461920.0,195123072480.0,219699534400.0
2022-12-31,100090,18981026170.0,147551867000.0,166532893170.0
2023-12-31,03473K,2352638000000.0,30301200000000.0,32653838000000.0
2023-09-30,03473K,4590608000000.0,29273437000000.0,33864045000000.0
2023-06-30,03473K,2448734000000.0,29474485000000.0,31923219000000.0
2023-03-31,03473K,3020896000000.0,29681690000000.0,32702586000000.0
2022-12-31,03473K,1549899000000.0,32983971000000.0,34533870000000.0
2023-12-31,096770,786859310000.0,18742441064000.0,19529300374000.0
2023-09-30,096770,2220372720000.0,17668686563000.0,19889059283000.0
2023-06-30,096770,702298457000.0,18024949078000.0,18727247535000.0
2023-03-31,096770,1304487477000.0,17838391195000.0,19142878672000.0
2022-12-31,096770,145950561000.0,18990811346000.0,19136761907000.0
2023-12-31,096775,786859310000.0,18742441064000.0,19529300374000.0
2023-09-30,096775,2220372720000.0,17668686563000.0,19889059283000.0
2023-06-30,096775,702298457000.0,18024949078000.0,18727247535000.0
2023-03-31,096775,1304487477000.0,17838391195000.0,19142878672000.0
2022-12-31,096775,145950561000.0,18990811346000.0,19136761907000.0
2023-09-30,285130,185202809870.0,396235964380.0,581438774250.0
2023-06-30,285130,89723908630.0,281611252100.0,371335160730.0
2023-03-31,285130,97911472520.0,266544065990.0,364455538510.0
2022-12-31,285130,145761258240.0,331444772140.0,477206030380.0
2023-09-30,28513K,185202809870.0,396235964380.0,581438774250.0
2023-06-30,28513K,89723908630.0,281611252100.0,371335160730.0
2023-03-31,28513K,97911472520.0,266544065990.0,364455538510.0
2022-12-31,28513K,145761258240.0,331444772140.0,477206030380.0
2023-09-30,017670,3871821000000.0,530789000000.0,4402610000000.0
2023-06-30,017670,3794966000000.0,511417000000.0,4306383000000.0
2023-03-31,017670,3813551000000.0,558676000000.0,4372227000000.0
2022-12-31,017670,3774944000000.0,619517000000.0,4394461000000.0
2023-09-30,000660,64126000000.0,9002045000000.0,9066171000000.0
2023-06-30,000660,-1177828000000.0,8483761000000.0,7305933000000.0
2023-03-31,000660,-1645299000000.0,6733410000000.0,5088111000000.0
2022-12-31,000660,3076000000.0,7668955000000.0,7672031000000.0
2023-12-31,003570,15287336290.0,131517724740.0,146805061030.0
2023-09-30,003570,20887804010.0,113535818130.0,134423622140.0
2023-06-30,003570,14864987550.0,87021413320.0,101886400870.0
2023-03-31,003570,14482149050.0,88357040240.0,102839189290.0
2022-12-31,003570,17042096650.0,114720164620.0,131762261270.0
2023-12-31,064960,46945600880.0,237818373530.0,284763974410.0
2023-09-30,064960,41838196300.0,234906690100.0,276744886400.0
2023-06-30,064960,41497838370.0,247478334930.0,288976173300.0
2023-03-31,064960,40032708890.0,245762429200.0,285795138090.0
2022-12-31,064960,58455381590.0,278189158470.0,336644540060.0
2023-12-31,100840,16020010530.0,72268490340.0,88288500870.0
2023-09-30,100840,10832503990.0,75449284900.0,86281788890.0
2023-06-30,100840,11756238190.0,63200943630.0,74957181820.0
2023-03-31,100840,10658978220.0,61769200390.0,72428178610.0
2022-12-31,100840,6293170460.0,63661902840.0,69955073300.0
2023-12-31,036530,75450732260.0,430205574110.0,505656306370.0
2023-09-30,036530,73372666050.0,412304439790.0,485677105840.0
2023-06-30,036530,67797261430.0,386753537360.0,454550798790.0
2023-03-31,036530,65117265920.0,384713582500.0,449830848420.0
2022-12-31,036530,86668518660.0,456843395660.0,543511914320.0
2023-09-30,005610,133149841860.0,729475518650.0,862625360510.0
2023-06-30,005610,136477808470.0,725022582330.0,861500390800.0
2023-03-31,005610,123354292370.0,708736212660.0,832090505030.0
2022-12-31,005610,121319097160.0,769994134340.0,891313231500.0
2023-09-30,011810,3549000000.0,170238000000.0,173787000000.0
2023-06-30,011810,7721000000.0,240049000000.0,247770000000.0
2023-03-31,011810,4955000000.0,295311000000.0,300266000000.0
2022-12-31,011810,11642000000.0,295897000000.0,307539000000.0
2023-09-30,465770,479408680.0,2294337580.0,2773746260.0
2023-12-31,077970,27570216980.0,183854431910.0,211424648890.0
2023-09-30,077970,14479847710.0,124055307900.0,138535155610.0
2023-06-30,077970,15554155940.0,147882962170.0,163437118110.0
2023-03-31,077970,10297329550.0,106683481820.0,116980811370.0
2022-12-31,077970,2222352950.0,187549544810.0,189771897760.0
2023-09-30,071970,12852743210.0,56503205190.0,69355948400.0
2023-06-30,071970,11250248720.0,64341077260.0,75591325980.0
2023-03-31,071970,5011820590.0,16190027500.0,21201848090.0
2022-12-31,071970,13233897530.0,33992779840.0,47226677370.0
2023-09-30,002820,7239513550.0,100281193990.0,107520707540.0
2023-06-30,002820,4387814220.0,103951973940.0,108339788160.0
2023-03-31,002820,4171008520.0,112945899470.0,117116907990.0
2022-12-31,002820,-6954773490.0,139605010630.0,132650237140.0
2023-09-30,084870,22729564010.0,16524862110.0,39254426120.0
2023-06-30,084870,33728369910.0,19562435610.0,53290805520.0
2023-03-31,084870,26169310820.0,21516244730.0,47685555550.0
2022-12-31,084870,34489370800.0,28297186550.0,62786557350.0
2023-12-31,002710,10941685640.0,146075709700.0,157017395340.0
2023-09-30,002710,8186081370.0,131621590880.0,139807672250.0
2023-06-30,002710,14773098510.0,170322631190.0,185095729700.0
2023-03-31,002710,7435458220.0,135062371600.0,142497829820.0
2022-12-31,002710,18544491030.0,153752474550.0,172296965580.0
2023-12-31,069260,17161026250.0,204040274220.0,221201300470.0
2023-09-30,069260,39041883480.0,197944081130.0,236985964610.0
2023-06-30,069260,52844195860.0,227100852240.0,279945048100.0
2023-03-31,069260,57415598180.0,257141377100.0,314556975280.0
2022-12-31,069260,30117689970.0,271427510430.0,301545200400.0
2023-09-30,002900,43112319620.0,133391318470.0,176503638090.0
2023-06-30,002900,66781122670.0,176962974910.0,243744097580.0
2023-03-31,002900,71578284820.0,164498750710.0,236077035530.0
2022-12-31,002900,41965681330.0,197277047060.0,239242728390.0
2023-12-31,024070,334551320.0,25112537770.0,25447089090.0
2023-09-30,024070,1583746960.0,27346035850.0,28929782810.0
2023-06-30,024070,1147544140.0,27615691570.0,28763235710.0
2023-03-31,024070,408559080.0,28770587810.0,29179146890.0
2022-12-31,024070,2159279760.0,27260889440.0,29420169200.0
2023-09-30,037270,11918674800.0,47806386800.0,59725061600.0
2023-06-30,037270,11802015720.0,46651931910.0,58453947630.0
2023-03-31,037270,13008968120.0,42515809900.0,55524778020.0
2022-12-31,037270,10124766290.0,34087205140.0,44211971430.0
2023-09-30,000500,27940335610.0,383836471530.0,411776807140.0
2023-06-30,000500,28565357310.0,309666622720.0,338231980030.0
2023-03-31,000500,30342159660.0,345700295650.0,376042455310.0
2022-12-31,000500,22689052730.0,331327941070.0,354016993800.0
2023-09-30,000860,22699309130.0,136203682980.0,158902992110.0
2023-06-30,000860,24914279310.0,146103864170.0,171018143480.0
2023-03-31,000860,15220022680.0,134146866080.0,149366888760.0
2022-12-31,000860,14218664610.0,153337393190.0,167556057800.0
2023-09-30,035250,124157284660.0,249803001380.0,373960286040.0
2023-06-30,035250,107597543820.0,223528389150.0,331125932970.0
2023-03-31,035250,99778187890.0,258345601080.0,358123788970.0
2022-12-31,035250,63038735710.0,271702971110.0,334741706820.0
2023-09-30,011420,3158731930.0,5427186420.0,8585918350.0
2023-06-30,011420,2701171750.0,4921101410.0,7622273160.0
2023-03-31,011420,2004063400.0,3985545370.0,5989608770.0
2022-12-31,011420,2949581820.0,6794913490.0,9744495310.0
2023-09-30,002100,11363331220.0,31229368650.0,42592699870.0
2023-06-30,002100,25264597500.0,78231396280.0,103495993780.0
2023-03-31,002100,53833722280.0,105417735700.0,159251457980.0
2022-12-31,002100,14771878300.0,41717415200.0,56489293500.0
2023-12-31,009450,161030908320.0,214301071390.0,375331979710.0
2023-09-30,009450,116559669690.0,165886747250.0,282446416940.0
2023-06-30,009450,108544706060.0,148725790440.0,257270496500.0
2023-03-31,009450,127843234650.0,161420743960.0,289263978610.0
2022-12-31,009450,139255909400.0,197991948820.0,337247858220.0
2023-12-31,267290,30421416290.0,477140113450.0,507561529740.0
2023-09-30,267290,26168727690.0,255164735210.0,281333462900.0
2023-06-30,267290,26052268750.0,303120328510.0,329172597260.0
2023-03-31,267290,37971467950.0,643414740010.0,681386207960.0
2022-12-31,267290,18593399150.0,691734813700.0,710328212850.0
2023-09-30,012320,4052782200.0,67635447430.0,71688229630.0
2023-06-30,012320,7169809520.0,63603181490.0,70772991010.0
2023-03-31,012320,9685808510.0,70966640830.0,80652449340.0
2022-12-31,012320,15627140570.0,58547674770.0,74174815340.0
2023-12-31,000050,40289320760.0,68430909860.0,108720230620.0
2023-09-30,000050,31130920760.0,67357042810.0,98487963570.0
2023-06-30,000050,20058767940.0,74729049740.0,94787817680.0
2023-03-31,000050,20312810740.0,71210136380.0,91522947120.0
2022-12-31,000050,26174283290.0,69831690620.0,96005973910.0
2023-12-31,214390,18560182390.0,42707360880.0,61267543270.0
2023-09-30,214390,16009933150.0,38572012240.0,54581945390.0
2023-06-30,214390,15808103130.0,36746091160.0,52554194290.0
2023-03-31,214390,12697056940.0,35256741900.0,47953798840.0
2022-12-31,214390,15138238230.0,42674130830.0,57812369060.0
2023-12-31,012610,15676767280.0,64911214310.0,80587981590.0
2023-09-30,012610,13056340170.0,70999004720.0,84055344890.0
2023-06-30,012610,16375959970.0,73707103880.0,90083063850.0
2023-03-31,012610,12582939230.0,78098910510.0,90681849740.0
2022-12-31,012610,15507340440.0,70861352220.0,86368692660.0
2023-12-31,009140,1487983910.0,3811684370.0,5299668280.0
2023-09-30,009140,1231123750.0,3401475940.0,4632599690.0
2023-06-30,009140,1529285460.0,3661522550.0,5190808010.0
2023-03-31,009140,1790766730.0,4222419030.0,6013185760.0
2022-12-31,009140,1131150960.0,2857821950.0,3988972910.0
2023-09-30,013580,40743440350.0,689744707550.0,730488147900.0
2023-06-30,013580,55701381020.0,717521640360.0,773223021380.0
2023-03-31,013580,57166195260.0,610497955820.0,667664151080.0
2022-12-31,013580,82588582170.0,765188938740.0,847777520910.0
2023-12-31,012200,11959020320.0,82151657190.0,94110677510.0
2023-09-30,012200,13626981910.0,82833266710.0,96460248620.0
2023-06-30,012200,13995711210.0,84229603880.0,98225315090.0
2023-03-31,012200,13947627860.0,78890260920.0,92837888780.0
2022-12-31,012200,7925634080.0,68812916900.0,76738550980.0
2023-12-31,012205,11959020320.0,82151657190.0,94110677510.0
2023-09-30,012205,13626981910.0,82833266710.0,96460248620.0
2023-06-30,012205,13995711210.0,84229603880.0,98225315090.0
2023-03-31,012205,13947627860.0,78890260920.0,92837888780.0
2022-12-31,012205,7925634080.0,68812916900.0,76738550980.0
2023-12-31,002140,12574368230.0,69397899360.0,81972267590.0
2023-09-30,002140,11406056200.0,71736416110.0,83142472310.0
2023-06-30,002140,8593234070.0,69806658400.0,78399892470.0
2023-03-31,002140,10033271200.0,65510715080.0,75543986280.0
2022-12-31,002140,7710546620.0,71111007730.0,78821554350.0
2023-12-31,010130,296694405810.0,2117840667460.0,2414535073270.0
2023-09-30,010130,227450413250.0,2065789092520.0,2293239505770.0
2023-06-30,010130,223506603780.0,2245939831010.0,2469446434790.0
2023-03-31,010130,214293643460.0,2313006685730.0,2527300329190.0
2022-12-31,010130,178089287390.0,2784133650510.0,2962222937900.0
2023-09-30,002240,55156774810.0,380238830030.0,435395604840.0
2023-06-30,002240,56032425700.0,406642033640.0,462674459340.0
2023-03-31,002240,54626392840.0,391334836260.0,445961229100.0
2022-12-31,002240,58687031860.0,423636803320.0,482323835180.0
2023-09-30,009290,77691300490.0,320143939240.0,397835239730.0
2023-06-30,009290,77073009390.0,298286586470.0,375359595860.0
2023-03-31,009290,73110192650.0,283839493390.0,356949686040.0
2022-12-31,009290,74433146230.0,305403456940.0,379836603170.0
2023-09-30,017040,2608001460.0,36888714300.0,39496715760.0
2023-06-30,017040,2279741650.0,33007600730.0,35287342380.0
2023-03-31,017040,1969031710.0,27751697570.0,29720729280.0
2022-12-31,017040,3552850200.0,33185479810.0,36738330010.0
2023-12-31,017900,1787677770.0,26274693510.0,28062371280.0
2023-09-30,017900,3168187770.0,28744061030.0,31912248800.0
2023-06-30,017900,3904682420.0,30146937200.0,34051619620.0
2023-03-31,017900,3586207430.0,28092832510.0,31679039940.0
2022-12-31,017900,2561947250.0,30218222070.0,32780169320.0
2023-12-31,037710,45451579000.0,4048171540.0,49499750540.0
2023-09-30,037710,36497798760.0,4563633750.0,41061432510.0
2023-06-30,037710,40745198640.0,3685619340.0,44430817980.0
2023-03-31,037710,40330823390.0,4263993450.0,44594816840.0
2022-12-31,037710,45577174080.0,3852613600.0,49429787680.0
2023-09-30,339770,29127067740.0,82296230430.0,111423298170.0
2023-06-30,339770,23928361380.0,78043078120.0,101971439500.0
2023-03-31,339770,24631607010.0,95729247400.0,120360854410.0
2022-12-31,339770,20992426520.0,107810894010.0,128803320530.0
2023-09-30,007690,36233376050.0,279361610600.0,315594986650.0
2023-06-30,007690,55008561670.0,291824725880.0,346833287550.0
2023-03-31,007690,45820377480.0,297782807030.0,343603184510.0
2022-12-31,007690,41763605280.0,315089678460.0,356853283740.0
2023-09-30,005320,4718802110.0,48525957900.0,53244760010.0
2023-06-30,005320,5723764120.0,50413418560.0,56137182680.0
2023-03-31,005320,9301911400.0,53373178880.0,62675090280.0
2022-12-31,005320,15533574570.0,66435189070.0,81968763640.0
2023-09-30,001140,135844510.0,11649865980.0,11785710490.0
2023-06-30,001140,511625860.0,11478933310.0,11990559170.0
2023-03-31,001140,4931341990.0,14986515170.0,19917857160.0
2022-12-31,001140,6853276390.0,18632366460.0,25485642850.0
2023-09-30,002720,15634298900.0,16489455350.0,32123754250.0
2023-06-30,002720,18212969790.0,17331914150.0,35544883940.0
2023-03-31,002720,16043218670.0,16364505360.0,32407724030.0
2022-12-31,002720,15296902290.0,15631909610.0,30928811900.0
2023-12-31,083420,5771860900.0,65885828550.0,71657689450.0
2023-09-30,083420,4579089500.0,65402072980.0,69981162480.0
2023-06-30,083420,2780304170.0,63803686810.0,66583990980.0
2023-03-31,083420,4722395490.0,69400523780.0,74122919270.0
2022-12-31,083420,6204508030.0,63373241220.0,69577749250.0
2023-09-30,014530,17234056520.0,276616835760.0,293850892280.0
2023-06-30,014530,16584966760.0,261859695190.0,278444661950.0
2023-03-31,014530,15961212970.0,265943520950.0,281904733920.0
2022-12-31,014530,16695362580.0,315742194980.0,332437557560.0
2023-12-31,014280,39807370680.0,181141914230.0,220949284910.0
2023-09-30,014280,41898116360.0,169138324270.0,211036440630.0
2023-06-30,014280,40621790190.0,173686917000.0,214308707190.0
2023-03-31,014280,35740068490.0,174858199290.0,210598267780.0
2022-12-31,014280,27834344700.0,180200250150.0,208034594850.0
2023-12-31,014285,39807370680.0,181141914230.0,220949284910.0
2023-09-30,014285,41898116360.0,169138324270.0,211036440630.0
2023-06-30,014285,40621790190.0,173686917000.0,214308707190.0
2023-03-31,014285,35740068490.0,174858199290.0,210598267780.0
2022-12-31,014285,27834344700.0,180200250150.0,208034594850.0
2023-12-31,008870,9288854900.0,52896919910.0,62185774810.0
2023-09-30,008870,9351048720.0,55456071630.0,64807120350.0
2023-06-30,008870,11337370310.0,53211865960.0,64549236270.0
2023-03-31,008870,7556727320.0,52641809740.0,60198537060.0
2022-12-31,008870,7575486980.0,53827891370.0,61403378350.0
2023-09-30,001570,12132283990.0,24479143090.0,36611427080.0
2023-06-30,001570,8578124940.0,29319430390.0,37897555330.0
2023-03-31,001570,8111035380.0,29422089930.0,37533125310.0
2022-12-31,001570,15164258520.0,43559759910.0,58724018430.0
2023-09-30,002990,26449048760.0,492612651020.0,519061699780.0
2023-06-30,002990,21732693910.0,547828796530.0,569561490440.0
2023-03-31,002990,21992311880.0,494763101720.0,516755413600.0
2022-12-31,002990,25955511670.0,539956786530.0,565912298200.0
2023-09-30,002995,26449048760.0,492612651020.0,519061699780.0
2023-06-30,002995,21732693910.0,547828796530.0,569561490440.0
2023-03-31,002995,21992311880.0,494763101720.0,516755413600.0
2022-12-31,002995,25955511670.0,539956786530.0,565912298200.0
2023-12-31,011780,116002144370.0,1400119107080.0,1516121251450.0
2023-09-30,011780,153479241970.0,1353538889340.0,1507018131310.0
2023-06-30,011780,180162472420.0,1397969766800.0,1578132239220.0
2023-03-31,011780,196222066140.0,1525034499660.0,1721256565800.0
2022-12-31,011780,175724851440.0,1469772027970.0,1645496879410.0
2023-12-31,011785,116002144370.0,1400119107080.0,1516121251450.0
2023-09-30,011785,153479241970.0,1353538889340.0,1507018131310.0
2023-06-30,011785,180162472420.0,1397969766800.0,1578132239220.0
2023-03-31,011785,196222066140.0,1525034499660.0,1721256565800.0
2022-12-31,011785,175724851440.0,1469772027970.0,1645496879410.0
2023-12-31,214330,10659796970.0,103750838470.0,114410635440.0
2023-09-30,214330,7778857930.0,84334764690.0,92113622620.0
2023-06-30,214330,7457885420.0,73475810850.0,80933696270.0
2023-03-31,214330,6058438350.0,70804058170.0,76862496520.0
2022-12-31,214330,8740191560.0,73532992540.0,82273184100.0
2023-09-30,001210,5297746790.0,8064583940.0,13362330730.0
2023-06-30,001210,4586050920.0,8356184200.0,12942235120.0
2023-03-31,001210,4563751580.0,10892894450.0,15456646030.0
2022-12-31,001210,2824611070.0,8731885200.0,11556496270.0
2023-09-30,073240,276832991240.0,700707194010.0,977540185250.0
2023-06-30,073240,252002747820.0,752078127670.0,1004080875490.0
2023-03-31,073240,225237756690.0,773680209150.0,998917965840.0
2022-12-31,073240,181173712100.0,767605225630.0,948778937730.0
2023-12-31,092440,4685869430.0,29122250530.0,33808119960.0
2023-09-30,092440,4293315010.0,30746590580.0,35039905590.0
2023-06-30,092440,4882098480.0,31160591260.0,36042689740.0
2023-03-31,092440,3973499180.0,31110594490.0,35084093670.0
2022-12-31,092440,6366843560.0,31931451540.0,38298295100.0
2023-12-31,000270,5329153000000.0,18999001000000.0,24328154000000.0
2023-09-30,000270,5859813000000.0,19685579000000.0,25545392000000.0
2023-06-30,000270,6066479000000.0,20177735000000.0,26244214000000.0
2023-03-31,000270,5373402000000.0,18317258000000.0,23690660000000.0
2022-12-31,000270,5157156000000.0,18007005000000.0,23164161000000.0
2023-09-30,013700,4501353120.0,68015224080.0,72516577200.0
2023-06-30,013700,3809496990.0,64635935280.0,68445432270.0
2023-03-31,013700,4824426410.0,51646288280.0,56470714690.0
2022-12-31,013700,-10393440520.0,63990905040.0,53597464520.0
2023-09-30,004540,13341447670.0,112259265030.0,125600712700.0
2023-06-30,004540,22790191730.0,106850965310.0,129641157040.0
2023-03-31,004540,6888071550.0,123718714170.0,130606785720.0
2022-12-31,004540,10548961200.0,121995397620.0,132544358820.0
2023-09-30,004545,13341447670.0,112259265030.0,125600712700.0
2023-06-30,004545,22790191730.0,106850965310.0,129641157040.0
2023-03-31,004545,6888071550.0,123718714170.0,130606785720.0
2022-12-31,004545,10548961200.0,121995397620.0,132544358820.0
2023-09-30,001260,7704663890.0,131596774960.0,139301438850.0
2023-06-30,001260,-1555832670.0,137241733570.0,135685900900.0
2023-03-31,001260,5382020600.0,126873466920.0,132255487520.0
2022-12-31,001260,11818603750.0,132170981230.0,143989584980.0
2023-09-30,008350,6686376310.0,70976812530.0,77663188840.0
2023-06-30,008350,7665784170.0,71685830400.0,79351614570.0
2023-03-31,008350,6833261190.0,64322223080.0,71155484270.0
2022-12-31,008350,5844302730.0,63644063470.0,69488366200.0
2023-09-30,008355,6686376310.0,70976812530.0,77663188840.0
2023-06-30,008355,7665784170.0,71685830400.0,79351614570.0
2023-03-31,008355,6833261190.0,64322223080.0,71155484270.0
2022-12-31,008355,5844302730.0,63644063470.0,69488366200.0
2023-09-30,004270,4572750210.0,13411561810.0,17984312020.0
2023-06-30,004270,3530276270.0,14445769290.0,17976045560.0
2023-03-31,004270,5756126570.0,7231702220.0,12987828790.0
2022-12-31,004270,5206571260.0,15051744770.0,20258316030.0
2023-09-30,003920,53005457370.0,201205110130.0,254210567500.0
2023-06-30,003920,54185910640.0,206898029260.0,261083939900.0
2023-03-31,003920,44532163400.0,195528314530.0,240060477930.0
2022-12-31,003920,35742853520.0,206273601660.0,242016455180.0
2023-09-30,003925,53005457370.0,201205110130.0,254210567500.0
2023-06-30,003925,54185910640.0,206898029260.0,261083939900.0
2023-03-31,003925,44532163400.0,195528314530.0,240060477930.0
2022-12-31,003925,35742853520.0,206273601660.0,242016455180.0
2023-09-30,025860,23794855820.0,307762197610.0,331557053430.0
2023-06-30,025860,35590006410.0,347839058150.0,383429064560.0
2023-03-31,025860,26899239910.0,461479615370.0,488378855280.0
2022-12-31,025860,2846582960.0,451310304240.0,454156887200.0
2023-09-30,005720,225151780500.0,551871634030.0,777023414530.0
2023-06-30,005720,195931322490.0,582053084760.0,777984407250.0
2023-03-31,005720,160564793300.0,561531255860.0,722096049160.0
2022-12-31,005720,151979325860.0,651263822840.0,803243148700.0
2023-09-30,005725,225151780500.0,551871634030.0,777023414530.0
2023-06-30,005725,195931322490.0,582053084760.0,777984407250.0
2023-03-31,005725,160564793300.0,561531255860.0,722096049160.0
2022-12-31,005725,151979325860.0,651263822840.0,803243148700.0
2023-09-30,002350,203709432650.0,488865499200.0,692574931850.0
2023-06-30,002350,175524541000.0,515931425000.0,691455966000.0
2023-03-31,002350,142011565770.0,497543033520.0,639554599290.0
2022-12-31,002350,137620816070.0,564248576310.0,701869392380.0
2023-09-30,002355,203709432650.0,488865499200.0,692574931850.0
2023-06-30,002355,175524541000.0,515931425000.0,691455966000.0
2023-03-31,002355,142011565770.0,497543033520.0,639554599290.0
2022-12-31,002355,137620816070.0,564248576310.0,701869392380.0
2023-09-30,092790,5392046300.0,61315893930.0,66707940230.0
2023-03-31,092790,111393374120.0,120281578660.0,231674952780.0
2022-12-31,092790,79146116250.0,96658136790.0,175804253040.0
2023-12-31,251270,665555597910.0,665555597910.0
2023-09-30,251270,630560881480.0,630560881480.0
2023-06-30,251270,603328334850.0,603328334850.0
2023-03-31,251270,602610785530.0,602610785530.0
2022-12-31,251270,686869110990.0,686869110990.0
2023-09-30,090350,43080978060.0,152411994390.0,195492972450.0
2023-06-30,090350,50048779140.0,177161952950.0,227210732090.0
2023-03-31,090350,32731011940.0,137173322810.0,169904334750.0
2022-12-31,090350,30674933900.0,155237868910.0,185912802810.0
2023-09-30,090355,43080978060.0,152411994390.0,195492972450.0
2023-06-30,090355,50048779140.0,177161952950.0,227210732090.0
2023-03-31,090355,32731011940.0,137173322810.0,169904334750.0
2022-12-31,090355,30674933900.0,155237868910.0,185912802810.0
2023-09-30,000320,80106273490.0,225337881550.0,305444155040.0
2023-06-30,000320,81665232390.0,256208218580.0,337873450970.0
2023-03-31,000320,59419513810.0,215337265700.0,274756779510.0
2022-12-31,000320,60498674170.0,223800644060.0,284299318230.0
2023-09-30,000325,80106273490.0,225337881550.0,305444155040.0
2023-06-30,000325,81665232390.0,256208218580.0,337873450970.0
2023-03-31,000325,59419513810.0,215337265700.0,274756779510.0
2022-12-31,000325,60498674170.0,223800644060.0,284299318230.0
2023-09-30,006280,140852727300.0,298497316500.0,439350043800.0
2023-06-30,006280,140787194390.0,292080487910.0,432867682300.0
2023-03-31,006280,99463283180.0,250018497830.0,349481781010.0
2022-12-31,006280,125367168480.0,286105242150.0,411472410630.0
2023-09-30,005250,170968243680.0,370755356650.0,541723600330.0
2023-06-30,005250,167808922490.0,368534381410.0,536343303900.0
2023-03-31,005250,124117774890.0,314183901950.0,438301676840.0
2022-12-31,005250,153078661190.0,353318190240.0,506396851430.0
2023-09-30,005257,170968243680.0,370755356650.0,541723600330.0
2023-06-30,005257,167808922490.0,368534381410.0,536343303900.0
2023-03-31,005257,124117774890.0,314183901950.0,438301676840.0
2022-12-31,005257,153078661190.0,353318190240.0,506396851430.0
2023-12-31,004370,240901005500.0,615837183110.0,856738188610.0
2023-09-30,004370,262138891160.0,593774319690.0,855913210850.0
2023-06-30,004370,268166054870.0,569355603190.0,837521658060.0
2023-03-31,004370,264033716370.0,596352593350.0,860386309720.0
2022-12-31,004370,259711923440.0,563877096900.0,823589020340.0
2023-09-30,072710,36495189390.0,154376575230.0,190871764620.0
2023-06-30,072710,35646787640.0,144946442520.0,180593230160.0
2023-03-31,072710,30481918730.0,133944564930.0,164426483660.0
2022-12-31,072710,26186146690.0,139912669660.0,166098816350.0
2023-09-30,058730,10804763860.0,70019716140.0,80824480000.0
2023-06-30,058730,19302228590.0,90510045870.0,109812274460.0
2023-03-31,058730,11717733470.0,83750781710.0,95468515180.0
2022-12-31,058730,12971991310.0,98683709070.0,111655700380.0
2023-09-30,023590,434304989410.0,1741299877290.0,2175604866700.0
2023-06-30,023590,350630525400.0,1946500876960.0,2297131402360.0
2023-03-31,023590,554654340530.0,2595995911850.0,3150650252380.0
2022-12-31,023590,311768955020.0,1668993653910.0,1980762608930.0
2023-09-30,145210,2999491570.0,13894198830.0,16893690400.0
2023-06-30,145210,3327709390.0,15212808310.0,18540517700.0
2023-03-31,145210,488443920.0,19135648000.0,19624091920.0
2022-12-31,145210,1028020760.0,15002931990.0,16030952750.0
2023-09-30,019680,27304765820.0,134235559580.0,161540325400.0
2023-06-30,019680,25803234200.0,138616954330.0,164420188530.0
2023-03-31,019680,31709196700.0,139368283260.0,171077479960.0
2022-12-31,019680,24301405560.0,152056732420.0,176358137980.0
2023-09-30,019685,27304765820.0,134235559580.0,161540325400.0
2023-06-30,019685,25803234200.0,138616954330.0,164420188530.0
2023-03-31,019685,31709196700.0,139368283260.0,171077479960.0
2022-12-31,019685,24301405560.0,152056732420.0,176358137980.0
2023-09-30,006370,8961024060.0,8112682000.0,17073706060.0
2023-06-30,006370,9756819380.0,6729957000.0,16486776380.0
2023-03-31,006370,10230661890.0,7711520000.0,17942181890.0
2022-12-31,006370,11333657970.0,7244619000.0,18578276970.0
2023-09-30,008060,31398913820.0,305082970860.0,336481884680.0
2023-06-30,008060,35996504260.0,268595006310.0,304591510570.0
2023-03-31,008060,42112742900.0,271349282860.0,313462025760.0
2022-12-31,008060,66909059630.0,308900467680.0,375809527310.0
2023-09-30,00806K,31398913820.0,305082970860.0,336481884680.0
2023-06-30,00806K,35996504260.0,268595006310.0,304591510570.0
2023-03-31,00806K,42112742900.0,271349282860.0,313462025760.0
2022-12-31,00806K,66909059630.0,308900467680.0,375809527310.0
2023-09-30,353200,13669148880.0,224118279320.0,237787428200.0
2023-06-30,353200,18744693430.0,201114314680.0,219859008110.0
2023-03-31,353200,22958692510.0,194694698980.0,217653391490.0
2022-12-31,353200,64987376070.0,231463996890.0,296451372960.0
2023-09-30,35320K,13669148880.0,224118279320.0,237787428200.0
2023-06-30,35320K,18744693430.0,201114314680.0,219859008110.0
2023-03-31,35320K,22958692510.0,194694698980.0,217653391490.0
2022-12-31,35320K,64987376070.0,231463996890.0,296451372960.0
2023-09-30,000490,73544608380.0,267638355350.0,341182963730.0
2023-06-30,000490,102500662550.0,332303070920.0,434803733470.0
2023-03-31,000490,89313548010.0,311538439130.0,400851987140.0
2022-12-31,000490,74293297270.0,252704221790.0,326997519060.0
2023-12-31,008110,3419228650.0,6530285900.0,9949514550.0
2023-09-30,008110,2621672410.0,5519362740.0,8141035150.0
2023-06-30,008110,2643793640.0,3911290640.0,6555084280.0
2023-03-31,008110,2101953370.0,7561869270.0,9663822640.0
2022-12-31,008110,5550058680.0,9612228600.0,15162287280.0
2023-09-30,005750,14478674960.0,53083110340.0,67561785300.0
2023-06-30,005750,16374981390.0,54005390840.0,70380372230.0
2023-03-31,005750,9466390630.0,42267423450.0,51733814080.0
2022-12-31,005750,9660433090.0,52671065970.0,62331499060.0
2023-09-30,006570,5033629230.0,29304521060.0,34338150290.0
2023-06-30,006570,5617821630.0,33102562800.0,38720384430.0
2023-03-31,006570,5784353740.0,29442608470.0,35226962210.0
2022-12-31,006570,10267075960.0,34927397940.0,45194473900.0
2023-12-31,001680,234889067840.0,755559142790.0,990448210630.0
2023-09-30,001680,296526814260.0,827112300680.0,1123639114940.0
2023-06-30,001680,255039268930.0,748733140050.0,1003772408980.0
2023-03-31,001680,232558685370.0,757075523870.0,989634209240.0
2022-12-31,001680,228551726060.0,780820287870.0,1009372013930.0
2023-12-31,001685,234889067840.0,755559142790.0,990448210630.0
2023-09-30,001685,296526814260.0,827112300680.0,1123639114940.0
2023-06-30,001685,255039268930.0,748733140050.0,1003772408980.0
2023-03-31,001685,232558685370.0,757075523870.0,989634209240.0
2022-12-31,001685,228551726060.0,780820287870.0,1009372013930.0
2023-12-31,084690,285854612710.0,974441700870.0,1260296313580.0
2023-09-30,084690,363321963260.0,1045255472220.0,1408577435480.0
2023-06-30,084690,315357520650.0,974392384270.0,1289749904920.0
2023-03-31,084690,291446856110.0,1009329920050.0,1300776776160.0
2022-12-31,084690,303897007580.0,987118026580.0,1291015034160.0
2023-12-31,084695,285854612710.0,974441700870.0,1260296313580.0
2023-09-30,084695,363321963260.0,1045255472220.0,1408577435480.0
2023-06-30,084695,315357520650.0,974392384270.0,1289749904920.0
2023-03-31,084695,291446856110.0,1009329920050.0,1300776776160.0
2022-12-31,084695,303897007580.0,987118026580.0,1291015034160.0
2023-09-30,128820,39703266590.0,325477957290.0,365181223880.0
2023-06-30,128820,30563042110.0,302612318210.0,333175360320.0
2023-03-31,128820,40227696570.0,457966707550.0,498194404120.0
2022-12-31,128820,49900210100.0,497409566120.0,547309776220.0
2023-12-31,117580,42363620710.0,267155913780.0,309519534490.0
2023-09-30,117580,20963293440.0,110100807320.0,131064100760.0
2023-06-30,117580,23259380790.0,132518505380.0,155777886170.0
2023-03-31,117580,47942707480.0,355229520330.0,403172227810.0
2022-12-31,117580,19766780520.0,351368700710.0,371135481230.0
2023-09-30,016710,25112127340.0,143983315460.0,169095442800.0
2023-06-30,016710,27732850430.0,171532028160.0,199264878590.0
2023-03-31,016710,53853271870.0,423772042890.0,477625314760.0
2022-12-31,016710,29789283340.0,416895525770.0,446684809110.0
2023-09-30,009190,3777121210.0,66491464200.0,70268585410.0
2023-06-30,009190,5480578160.0,72694568820.0,78175146980.0
2023-03-31,009190,2955858740.0,68025631330.0,70981490070.0
2023-09-30,014160,10069631660.0,60603254990.0,70672886650.0
2023-06-30,014160,10993786600.0,60054218460.0,71048005060.0
2023-03-31,014160,9802771180.0,59558363940.0,69361135120.0
2022-12-31,014160,8761938480.0,68326825130.0,77088763610.0
2023-09-30,047040,295870461690.0,2694237407990.0,2990107869680.0
2023-06-30,047040,333109775130.0,2938286924960.0,3271396700090.0
2023-03-31,047040,286788824510.0,2321328621470.0,2608117445980.0
2022-12-31,047040,376416419370.0,2831919154030.0,3208335573400.0
2023-09-30,009320,3334599580.0,22446426940.0,25781026520.0
2023-06-30,009320,2622505870.0,25608389470.0,28230895340.0
2023-03-31,009320,3956957580.0,24360031180.0,28316988760.0
2022-12-31,009320,-1752592130.0,26083592840.0,24331000710.0
2023-12-31,003090,210444140640.0,236600711000.0,447044851640.0
2023-09-30,003090,240174900680.0,221342617000.0,461517517680.0
2023-06-30,003090,255038150710.0,214382473000.0,469420623710.0
2023-03-31,003090,225589896090.0,210268573000.0,435858469090.0
2022-12-31,003090,236083262160.0,208843446000.0,444926708160.0
2023-09-30,069620,164877986350.0,176021776740.0,340899763090.0
2023-06-30,069620,183118703430.0,167072770980.0,350191474410.0
2023-03-31,069620,158987631120.0,163426900490.0,322414531610.0
2022-12-31,069620,163681251930.0,164102818340.0,327784070270.0
2023-12-31,000430,32607970190.0,234465669070.0,267073639260.0
2023-09-30,000430,33042258100.0,239400893630.0,272443151730.0
2023-06-30,000430,37916908400.0,254352062840.0,292268971240.0
2023-03-31,000430,26869612570.0,248101487400.0,274971099970.0
2022-12-31,000430,31402561550.0,256003630700.0,287406192250.0
2023-12-31,006340,8528788450.0,120724086370.0,129252874820.0
2023-09-30,006340,6842495200.0,117382119700.0,124224614900.0
2023-06-30,006340,6614891220.0,130870633320.0,137485524540.0
2023-03-31,006340,5170906170.0,119267987960.0,124438894130.0
2022-12-31,006340,1776481940.0,144715266420.0,146491748360.0
2023-12-31,006345,8528788450.0,120724086370.0,129252874820.0
2023-09-30,006345,6842495200.0,117382119700.0,124224614900.0
2023-06-30,006345,6614891220.0,130870633320.0,137485524540.0
2023-03-31,006345,5170906170.0,119267987960.0,124438894130.0
2022-12-31,006345,1776481940.0,144715266420.0,146491748360.0
2023-12-31,003220,70580546570.0,70272405840.0,140852952410.0
2023-09-30,003220,60009301830.0,68970609620.0,128979911450.0
2023-06-30,003220,65498966990.0,67531267830.0,133030234820.0
2023-03-31,003220,61158509700.0,62930436680.0,124088946380.0
2022-12-31,003220,61157009860.0,61378273540.0,122535283400.0
2023-09-30,024890,4419243800.0,25901789240.0,30321033040.0
2023-06-30,024890,4037903370.0,29934526920.0,33972430290.0
2023-03-31,024890,4751531470.0,28349784900.0,33101316370.0
2022-12-31,024890,-165669810.0,34382725880.0,34217056070.0
2023-09-30,002880,20254527340.0,122418509230.0,142673036570.0
2023-06-30,002880,23522753950.0,253614686500.0,277137440450.0
2023-03-31,002880,25314576390.0,248409476550.0,273724052940.0
2022-12-31,002880,66607771810.0,310956585770.0,377564357580.0
2023-09-30,000300,-4065888120.0,97456400870.0,93390512750.0
2023-06-30,000300,11477524340.0,121176849590.0,132654373930.0
2023-03-31,000300,12859304610.0,118825609900.0,131684914510.0
2022-12-31,000300,16038282620.0,136970726470.0,153009009090.0
2023-09-30,012800,8040150270.0,326975655670.0,335015805940.0
2023-06-30,012800,5365399390.0,329421501130.0,334786900520.0
2023-03-31,012800,13580674430.0,349145690740.0,362726365170.0
2022-12-31,012800,10838988970.0,331834773380.0,342673762350.0
2023-09-30,015230,17047948860.0,68039338600.0,85087287460.0
2023-06-30,015230,23165276220.0,83192750440.0,106358026660.0
2023-03-31,015230,20012676480.0,83610987520.0,103623664000.0
2022-12-31,015230,22081259750.0,93363501060.0,115444760810.0
2023-12-31,001070,1878869280.0,28469455050.0,30348324330.0
2023-09-30,001070,7280750100.0,35511397190.0,42792147290.0
2023-06-30,001070,5474298610.0,34771432810.0,40245731420.0
2023-03-31,001070,2387568240.0,33630209870.0,36017778110.0
2022-12-31,001070,3804985680.0,43795828130.0,47600813810.0
2023-12-31,006650,2941791400.0,668974982060.0,671916773460.0
2023-09-30,006650,31551830870.0,634690929410.0,666242760280.0
2023-06-30,006650,-22215388940.0,654945585710.0,632730196770.0
2023-03-31,006650,-23877370750.0,552960268180.0,529082897430.0
2022-12-31,006650,-100225860300.0,464031930490.0,363806070190.0
2023-09-30,001440,39200714000.0,590841314000.0,630042028000.0
2023-06-30,001440,54566254000.0,699825772000.0,754392026000.0
2023-03-31,001440,46550230000.0,657360472000.0,703910702000.0
2022-12-31,001440,41894704000.0,612036230000.0,653930934000.0
2023-12-31,084010,25765358600.0,298483835410.0,324249194010.0
2023-09-30,084010,37935148590.0,269182148160.0,307117296750.0
2023-06-30,084010,66343373620.0,356301610220.0,422644983840.0
2023-03-31,084010,46962397370.0,346858154460.0,393820551830.0
2022-12-31,084010,64719133950.0,414271410310.0,478990544260.0
2023-12-31,001790,35256126000.0,306467866000.0,341723992000.0
2023-09-30,001790,32756231000.0,301982491000.0,334738722000.0
2023-06-30,001790,40060932000.0,303302309000.0,343363241000.0
2023-03-31,001790,31170343000.0,281353586000.0,312523929000.0
2022-12-31,001790,29929052000.0,321738186000.0,351667238000.0
2023-12-31,001795,35256126000.0,306467866000.0,341723992000.0
2023-09-30,001795,32756231000.0,301982491000.0,334738722000.0
2023-06-30,001795,40060932000.0,303302309000.0,343363241000.0
2023-03-31,001795,31170343000.0,281353586000.0,312523929000.0
2022-12-31,001795,29929052000.0,321738186000.0,351667238000.0
2023-12-31,001130,76465862580.0,282946782880.0,359412645460.0
2023-09-30,001130,64115763460.0,296344418050.0,360460181510.0
2023-06-30,001130,64387616520.0,302651436240.0,367039052760.0
2023-03-31,001130,53140307510.0,301406360260.0,354546667770.0
2022-12-31,001130,58606974940.0,317447301270.0,376054276210.0
2023-12-31,003490,715717687880.0,3677685509560.0,4393403197440.0
2023-09-30,003490,938117575020.0,3310906143500.0,4249023718520.0
2023-06-30,003490,825935536290.0,3051400468020.0,3877336004310.0
2023-03-31,003490,781723430040.0,2810309755820.0,3592033185860.0
2022-12-31,003490,866304558610.0,3013351205800.0,3879655764410.0
2023-12-31,003495,715717687880.0,3677685509560.0,4393403197440.0
2023-09-30,003495,938117575020.0,3310906143500.0,4249023718520.0
2023-06-30,003495,825935536290.0,3051400468020.0,3877336004310.0
2023-03-31,003495,781723430040.0,2810309755820.0,3592033185860.0
2022-12-31,003495,866304558610.0,3013351205800.0,3879655764410.0
2023-09-30,005880,91945801980.0,244339429100.0,336285231080.0
2023-06-30,005880,82113047800.0,261456710720.0,343569758520.0
2023-03-31,005880,80248205160.0,274477984760.0,354726189920.0
2022-12-31,005880,67551153700.0,325157520000.0,392708673700.0
2023-09-30,003830,2379904370.0,31007389810.0,33387294180.0
2023-06-30,003830,4098802690.0,31687221140.0,35786023830.0
2023-03-31,003830,3885977950.0,30577701170.0,34463679120.0
2022-12-31,003830,2617790170.0,32745791460.0,35363581630.0
2023-09-30,016090,31831534460.0,23574660420.0,55406194880.0
2023-06-30,016090,38474584560.0,26118864320.0,64593448880.0
2023-03-31,016090,45397171740.0,31142715810.0,76539887550.0
2022-12-31,016090,58201017320.0,41961583500.0,100162600820.0
2023-09-30,069460,2724859930.0,41454950390.0,44179810320.0
2023-06-30,069460,5323998090.0,44890647580.0,50214645670.0
2023-03-31,069460,1762578690.0,44773201770.0,46535780460.0
2022-12-31,069460,2892189870.0,41873333030.0,44765522900.0
2023-09-30,192080,139616986160.0,139616986160.0
2023-06-30,192080,143943127770.0,143943127770.0
2023-03-31,192080,145297852400.0,145297852400.0
2022-12-31,192080,157788975030.0,157788975030.0
2023-12-31,012510,48197346370.0,55011497680.0,103208844050.0
2023-09-30,012510,35243911740.0,49315261130.0,84559172870.0
2023-06-30,012510,35989763620.0,48907643450.0,84897407070.0
2023-03-31,012510,33349236350.0,47547966830.0,80897203180.0
2022-12-31,012510,26542286760.0,49780076510.0,76322363270.0
2023-09-30,004830,4509974850.0,21769632020.0,26279606870.0
2023-06-30,004830,4592060160.0,21388643290.0,25980703450.0
2023-03-31,004830,4980279180.0,22264808790.0,27245087970.0
2022-12-31,004830,3711204120.0,26386862490.0,30098066610.0
2023-09-30,004835,4509974850.0,21769632020.0,26279606870.0
2023-06-30,004835,4592060160.0,21388643290.0,25980703450.0
2023-03-31,004835,4980279180.0,22264808790.0,27245087970.0
2022-12-31,004835,3711204120.0,26386862490.0,30098066610.0
2023-09-30,024900,11994039160.0,414702854290.0,426696893450.0
2023-06-30,024900,8557371980.0,462541195120.0,471098567100.0
2023-03-31,024900,18964534220.0,413167924900.0,432132459120.0
2022-12-31,024900,30063693370.0,421380866560.0,451444559930.0
2023-09-30,145720,66539031150.0,27237918270.0,93776949420.0
2023-06-30,145720,71474356680.0,34916365960.0,106390722640.0
2023-03-31,145720,51375546570.0,17432694300.0,68808240870.0
2022-12-31,145720,79599559230.0,14413270010.0,94012829240.0
2023-12-31,002150,185304805480.0,185304805480.0
2023-09-30,002150,128769332520.0,128769332520.0
2023-06-30,002150,141307496490.0,141307496490.0
2023-03-31,002150,119609065330.0,119609065330.0
2022-12-31,002150,168686760280.0,168686760280.0
2023-12-31,460850,12125598840.0,512287779120.0,524413377960.0
2023-09-30,460850,50689455600.0,503472043450.0,554161499050.0
2023-12-31,460860,151592773890.0,971035454020.0,1122628227910.0
2023-09-30,460860,175004810550.0,903992483110.0,1078997293660.0
2023-09-30,001230,41942923160.0,406906102260.0,448849025420.0
2023-06-30,001230,58171766880.0,406521937360.0,464693704240.0
2023-03-31,001230,266958707310.0,1650267192540.0,1917225899850.0
2022-12-31,001230,219233203010.0,1812033980200.0,2031267183210.0
2023-12-31,023450,5202183510.0,41144490370.0,46346673880.0
2023-09-30,023450,4560497310.0,35929905750.0,40490403060.0
2023-06-30,023450,3046207800.0,35194335460.0,38240543260.0
2023-03-31,023450,4486179910.0,37157961350.0,41644141260.0
2022-12-31,023450,4737218330.0,43031488810.0,47768707140.0
2023-09-30,004140,29995213400.0,156696393830.0,186691607230.0
2023-06-30,004140,27446203500.0,161067659000.0,188513862500.0
2023-03-31,004140,29294042060.0,166741355790.0,196035397850.0
2022-12-31,004140,27569494330.0,176677480890.0,204246975220.0
2023-12-31,007590,2485354880.0,10977601300.0,13462956180.0
2023-09-30,007590,4506243760.0,12659606910.0,17165850670.0
2023-06-30,007590,9788412420.0,26469972980.0,36258385400.0
2023-03-31,007590,30720516790.0,66667617060.0,97388133850.0
2022-12-31,007590,1745059560.0,11633221480.0,13378281040.0
2023-09-30,005960,28633571420.0,459958632700.0,488592204120.0
2023-06-30,005960,30569692600.0,453965804450.0,484535497050.0
2023-03-31,005960,27022094180.0,376209613240.0,403231707420.0
2022-12-31,005960,56235017060.0,456139792900.0,512374809960.0
2023-09-30,005965,28633571420.0,459958632700.0,488592204120.0
2023-06-30,005965,30569692600.0,453965804450.0,484535497050.0
2023-03-31,005965,27022094180.0,376209613240.0,403231707420.0
2022-12-31,005965,56235017060.0,456139792900.0,512374809960.0
2023-12-31,026960,19984823830.0,94960065570.0,114944889400.0
2023-09-30,026960,20672606310.0,100514477930.0,121187084240.0
2023-06-30,026960,22373920910.0,107348960000.0,129722880910.0
2023-03-31,026960,23312635760.0,100528051250.0,123840687010.0
2022-12-31,026960,20008092380.0,107733792660.0,127741885040.0
2023-09-30,002210,11146638250.0,10900070070.0,22046708320.0
2023-06-30,002210,10664196810.0,12692551740.0,23356748550.0
2023-03-31,002210,10112626370.0,11337811870.0,21450438240.0
2022-12-31,002210,10888439850.0,12913621560.0,23802061410.0
2023-09-30,102260,50105283660.0,215071239450.0,265176523110.0
2023-06-30,102260,45041687700.0,250700839520.0,295742527220.0
2023-03-31,102260,38244412520.0,243188722730.0,281433135250.0
2022-12-31,102260,28670571180.0,269396522630.0,298067093810.0
2023-09-30,000640,101846127620.0,187379327790.0,289225455410.0
2023-06-30,000640,96946325240.0,187942062750.0,284888387990.0
2023-03-31,000640,79912440100.0,175629720950.0,255542161050.0
2022-12-31,000640,67706091980.0,193414016010.0,261120107990.0
2023-09-30,170900,79741024360.0,86856508460.0,166597532820.0
2023-06-30,170900,81164413570.0,88043426300.0,169207839870.0
2023-03-31,170900,76518158550.0,70595034590.0,147113193140.0
2022-12-31,170900,76527520990.0,77633835880.0,154161356870.0
2023-09-30,028100,8029105580.0,76454459050.0,84483564630.0
2023-06-30,028100,4166366290.0,88085021600.0,92251387890.0
2023-03-31,028100,5220673370.0,74101204140.0,79321877510.0
2022-12-31,028100,-13073738960.0,74587732300.0,61513993340.0
2023-12-31,282690,6677479320.0,37227565140.0,43905044460.0
2023-09-30,282690,6444394050.0,37025512760.0,43469906810.0
2023-06-30,282690,6724411100.0,33030999930.0,39755411030.0
2023-03-31,282690,6116586060.0,34386190550.0,40502776610.0
2022-12-31,282690,8351160760.0,42205163170.0,50556323930.0
2023-09-30,001520,24065536650.0,169854171060.0,193919707710.0
2023-06-30,001520,30967063670.0,190890971900.0,221858035570.0
2023-03-31,001520,24354322940.0,179032243710.0,203386566650.0
2022-12-31,001520,21061897770.0,193910058740.0,214971956510.0
2023-09-30,001527,24065536650.0,169854171060.0,193919707710.0
2023-06-30,001527,30967063670.0,190890971900.0,221858035570.0
2023-03-31,001527,24354322940.0,179032243710.0,203386566650.0
2022-12-31,001527,21061897770.0,193910058740.0,214971956510.0
2023-09-30,084670,2736658270.0,27784612110.0,30521270380.0
2023-06-30,084670,3587547210.0,25605576360.0,29193123570.0
2023-03-31,084670,823914310.0,27420423490.0,28244337800.0
2022-12-31,084670,2304109550.0,27462152410.0,29766261960.0
2023-09-30,001525,24065536650.0,169854171060.0,193919707710.0
2023-06-30,001525,30967063670.0,190890971900.0,221858035570.0
2023-03-31,001525,24354322940.0,179032243710.0,203386566650.0
2022-12-31,001525,21061897770.0,193910058740.0,214971956510.0
2023-09-30,008970,5141484600.0,54516006190.0,59657490790.0
2023-06-30,008970,5342421970.0,64299779120.0,69642201090.0
2023-03-31,008970,4340237220.0,52471081500.0,56811318720.0
2022-12-31,008970,8930782430.0,70652798520.0,79583580950.0
2023-09-30,092780,9592746470.0,97978735120.0,107571481590.0
2023-06-30,092780,13913924760.0,93176790780.0,107090715540.0
2023-03-31,092780,10134829630.0,93128468950.0,103263298580.0
2022-12-31,092780,11209213360.0,91829522860.0,103038736220.0
2023-09-30,049770,273836945150.0,933648004570.0,1207484949720.0
2023-06-30,049770,225682194640.0,826353201510.0,1052035396150.0
2023-03-31,049770,237053543670.0,843700250160.0,1080753793830.0
2022-12-31,049770,210106966030.0,786693146760.0,996800112790.0
2023-12-31,018500,29919401130.0,113630070220.0,143549471350.0
2023-09-30,018500,30850969420.0,106861039930.0,137712009350.0
2023-06-30,018500,29325011260.0,119781419480.0,149106430740.0
2023-03-31,018500,33253169890.0,114581623420.0,147834793310.0
2022-12-31,018500,22714066200.0,109568006810.0,132282073010.0
2023-09-30,006040,432456608010.0,1951798206750.0,2384254814760.0
2023-06-30,006040,364485251740.0,1833277521730.0,2197762773470.0
2023-03-31,006040,383775253810.0,1880456954440.0,2264232208250.0
2022-12-31,006040,1088335548130.0,5364434508220.0,6452770056350.0
2023-12-31,030720,-3528974560.0,35763814950.0,32234840390.0
2023-09-30,030720,-2098991410.0,41961305780.0,39862314370.0
2023-06-30,030720,-961987060.0,37371165290.0,36409178230.0
2023-03-31,030720,2305489070.0,31133080120.0,33438569190.0
2022-12-31,030720,2334834450.0,37726447800.0,40061282250.0
2023-09-30,014820,40793652490.0,274363700380.0,315157352870.0
2023-06-30,014820,43251822790.0,291573877280.0,334825700070.0
2023-03-31,014820,34748409340.0,292638649670.0,327387059010.0
2022-12-31,014820,35262510460.0,301952902730.0,337215413190.0
2023-09-30,014825,40793652490.0,274363700380.0,315157352870.0
2023-06-30,014825,43251822790.0,291573877280.0,334825700070.0
2023-03-31,014825,34748409340.0,292638649670.0,327387059010.0
2022-12-31,014825,35262510460.0,301952902730.0,337215413190.0
2023-12-31,163560,12083528420.0,76192431840.0,88275960260.0
2023-09-30,163560,12551752790.0,76178539780.0,88730292570.0
2023-06-30,163560,13264816800.0,75421145320.0,88685962120.0
2023-03-31,163560,14398465860.0,77685725600.0,92084191460.0
2022-12-31,163560,18496181040.0,81920055590.0,100416236630.0
2023-12-31,004890,4487649830.0,97419568150.0,101907217980.0
2023-09-30,004890,1264391490.0,111255667380.0,112520058870.0
2023-06-30,004890,4348114030.0,114441157930.0,118789271960.0
2023-03-31,004890,4818821570.0,103125890780.0,107944712350.0
2022-12-31,004890,4184474020.0,113548333150.0,117732807170.0
2023-09-30,002690,552653160.0,38385660110.0,38938313270.0
2023-06-30,002690,1111538410.0,46208599980.0,47320138390.0
2023-03-31,002690,1613689790.0,48635475090.0,50249164880.0
2022-12-31,002690,1664478920.0,44302499830.0,45966978750.0
2023-09-30,000020,45025708310.0,42431700550.0,87457408860.0
2023-06-30,000020,46179337230.0,43811019190.0,89990356420.0
2023-03-31,000020,52623162790.0,46796650980.0,99419813770.0
2022-12-31,000020,45901002010.0,38557509390.0,84458511400.0
2023-09-30,000150,781753109380.0,3757014368360.0,4538767477740.0
2023-06-30,000150,896542135130.0,4071797576620.0,4968339711750.0
2023-03-31,000150,752786291040.0,3598335914170.0,4351122205210.0
2022-12-31,000150,762508274980.0,4141738458250.0,4904246733230.0
2023-09-30,000157,781753109380.0,3757014368360.0,4538767477740.0
2023-06-30,000157,896542135130.0,4071797576620.0,4968339711750.0
2023-03-31,000157,752786291040.0,3598335914170.0,4351122205210.0
2022-12-31,000157,762508274980.0,4141738458250.0,4904246733230.0
2023-09-30,454910,3142036110.0,9368775770.0,12510811880.0
2023-06-30,454910,3271352430.0,9823865540.0,13095217970.0
2022-12-31,454910,4195856950.0,9984897130.0,14180754080.0
2023-09-30,241560,555508842000.0,1789551555000.0,2345060397000.0
2023-06-30,241560,642487739000.0,1993070345000.0,2635558084000.0
2023-03-31,241560,602979039000.0,1802135652000.0,2405114691000.0
2022-12-31,241560,511007627000.0,1872854456000.0,2383862083000.0
2023-09-30,034020,709021225510.0,3445958603330.0,4154979828840.0
2023-06-30,034020,815528580570.0,3723833180880.0,4539361761450.0
2023-03-31,034020,716093616890.0,3324948153260.0,4041041770150.0
2022-12-31,034020,706085216360.0,3915683135150.0,4621768351510.0
2023-09-30,000155,781753109380.0,3757014368360.0,4538767477740.0
2023-06-30,000155,896542135130.0,4071797576620.0,4968339711750.0
2023-03-31,000155,752786291040.0,3598335914170.0,4351122205210.0
2022-12-31,000155,762508274980.0,4141738458250.0,4904246733230.0
2023-09-30,336260,10045882770.0,35552492830.0,45598375600.0
2023-06-30,336260,9483042690.0,39696578320.0,49179621010.0
2023-03-31,336260,13043857340.0,36851105310.0,49894962650.0
2022-12-31,336260,28961941090.0,128216090310.0,157178031400.0
2023-09-30,33626K,10045882770.0,35552492830.0,45598375600.0
2023-06-30,33626K,9483042690.0,39696578320.0,49179621010.0
2023-03-31,33626K,13043857340.0,36851105310.0,49894962650.0
2022-12-31,33626K,28961941090.0,128216090310.0,157178031400.0
2023-09-30,33626L,10045882770.0,35552492830.0,45598375600.0
2023-06-30,33626L,9483042690.0,39696578320.0,49179621010.0
2023-03-31,33626L,13043857340.0,36851105310.0,49894962650.0
2022-12-31,33626L,28961941090.0,128216090310.0,157178031400.0
2023-09-30,016740,31924952020.0,148548684840.0,180473636860.0
2023-06-30,016740,29347296590.0,160246314860.0,189593611450.0
2023-03-31,016740,28824045830.0,153361676620.0,182185722450.0
2022-12-31,016740,22804948830.0,136319691840.0,159124640670.0
2023-09-30,192650,39713840480.0,237260332180.0,276974172660.0
2023-06-30,192650,15793870350.0,183461318890.0,199255189240.0
2023-03-31,192650,30771620750.0,275341326070.0,306112946820.0
2022-12-31,192650,34341738320.0,273482570840.0,307824309160.0
2023-12-31,024090,6581527620.0,49218283280.0,55799810900.0
2023-09-30,024090,5925593150.0,47806887860.0,53732481010.0
2023-06-30,024090,4121474980.0,49555631600.0,53677106580.0
2023-03-31,024090,3008173160.0,52041097880.0,55049271040.0
2022-12-31,024090,4403599780.0,46939330070.0,51342929850.0
2023-12-31,003160,13142282950.0,39994618610.0,53136901560.0
2023-09-30,003160,15781138690.0,41899568100.0,57680706790.0
2023-06-30,003160,17667223730.0,46840203200.0,64507426930.0
2023-03-31,003160,12959841130.0,26257058450.0,39216899580.0
2022-12-31,003160,13600833550.0,35666985810.0,49267819360.0
2023-09-30,092200,22669432540.0,150783767570.0,173453200110.0
2023-06-30,092200,20524008370.0,171262104610.0,191786112980.0
2023-03-31,092200,19517340650.0,160297980540.0,179815321190.0
2022-12-31,092200,14517461370.0,180140650850.0,194658112220.0
2023-06-30,377190,10642747630.0,10642747630.0
2022-12-31,377190,10225509530.0,10225509530.0
2023-12-31,013570,24707096580.0,269219587490.0,293926684070.0
2023-09-30,013570,26588132490.0,265737206810.0,292325339300.0
2023-06-30,013570,33175497890.0,278658962850.0,311834460740.0
2023-03-31,013570,26805221300.0,266279596730.0,293084818030.0
2022-12-31,013570,25999460120.0,265558270960.0,291557731080.0
2023-12-31,210540,8844678040.0,89208921460.0,98053599500.0
2023-09-30,210540,12676936720.0,90844450610.0,103521387330.0
2023-06-30,210540,15124715070.0,99168056510.0,114292771580.0
2023-03-31,210540,14850765830.0,99316151660.0,114166917490.0
2022-12-31,210540,11454027380.0,100059412620.0,111513440000.0
2023-09-30,115390,29466276450.0,87059746590.0,116526023040.0
2023-06-30,115390,46945190430.0,70670573240.0,117615763670.0
2023-03-31,115390,46704267290.0,67734916560.0,114439183850.0
2022-12-31,115390,50824315250.0,87380762420.0,138205077670.0
2023-09-30,032350,96773231270.0,96773231270.0
2023-06-30,032350,76937822660.0,76937822660.0
2023-03-31,032350,47108205040.0,47108205040.0
2022-12-31,032350,44276119140.0,44276119140.0
2023-09-30,089860,536711986890.0,150620837000.0,687332823890.0
2023-06-30,089860,677726268670.0,10898515000.0,688624783670.0
2023-03-31,089860,709026742590.0,12214924000.0,721241666590.0
2022-12-31,089860,1130385388610.0,-441046718000.0,689338670610.0
2023-09-30,330590,29480677050.0,29480677050.0
2023-03-31,330590,29184000100.0,29184000100.0
2023-09-30,023530,1694364515990.0,2044756744010.0,3739121260000.0
2023-06-30,023530,1692628909850.0,1929619520980.0,3622248430830.0
2023-03-31,023530,1611695364400.0,1949895147760.0,3561590512160.0
2022-12-31,023530,1749693764820.0,2040369550900.0,3790063315720.0
2023-09-30,020150,18544367460.0,199127357220.0,217671724680.0
2023-06-30,020150,16767861650.0,181388295060.0,198156156710.0
2023-03-31,020150,17796586570.0,145844583330.0,163641169900.0
2022-12-31,020150,29687639950.0,141484899670.0,171172539620.0
2023-12-31,280360,276553751320.0,703089180350.0,979642931670.0
2023-09-30,280360,325290248570.0,761246805780.0,1086537054350.0
2023-06-30,280360,290404933080.0,750210198730.0,1040615131810.0
2023-03-31,280360,239484018530.0,720112726750.0,959596745280.0
2022-12-31,280360,258052182140.0,768397927080.0,1026450109220.0
2023-12-31,004000,41710894430.0,369554103900.0,411264998330.0
2023-09-30,004000,66321666420.0,334879022710.0,401200689130.0
2023-06-30,004000,100639690780.0,330538316630.0,431178007410.0
2023-03-31,004000,74254762010.0,450722658830.0,524977420840.0
2022-12-31,004000,76144924760.0,420464024240.0,496608949000.0
2023-12-31,286940,36194196340.0,310175278010.0,346369474350.0
2023-09-30,286940,33193759180.0,261743117650.0,294936876830.0
2023-06-30,286940,29430992950.0,255227371760.0,284658364710.0
2023-03-31,286940,26306446140.0,244451305880.0,270757752020.0
2022-12-31,286940,29598720850.0,288684542250.0,318283263100.0
2023-09-30,004990,1208299215540.0,2794847131090.0,4003146346630.0
2023-06-30,004990,1172065947860.0,2697777146520.0,3869843094380.0
2023-03-31,004990,1003928454090.0,2444618197020.0,3448546651110.0
2022-12-31,004990,1016449373450.0,2652488471640.0,3668937845090.0
2023-09-30,00499K,1208299215540.0,2794847131090.0,4003146346630.0
2023-06-30,00499K,1172065947860.0,2697777146520.0,3869843094380.0
2023-03-31,00499K,1003928454090.0,2444618197020.0,3448546651110.0
2022-12-31,00499K,1016449373450.0,2652488471640.0,3668937845090.0
2023-12-31,005300,304012234190.0,614347404930.0,918359639120.0
2023-09-30,005300,331377995380.0,498987148330.0,830365143710.0
2023-06-30,005300,321248554220.0,474912041950.0,796160596170.0
2023-03-31,005300,278696061700.0,401099041100.0,679795102800.0
2022-12-31,005300,257953241140.0,411088724000.0,669041965140.0
2023-12-31,005305,304012234190.0,614347404930.0,918359639120.0
2023-09-30,005305,331377995380.0,498987148330.0,830365143710.0
2023-06-30,005305,321248554220.0,474912041950.0,796160596170.0
2023-03-31,005305,278696061700.0,401099041100.0,679795102800.0
2022-12-31,005305,257953241140.0,411088724000.0,669041965140.0
2023-09-30,011170,313969645780.0,4501683225130.0,4815652870910.0
2023-06-30,011170,212925684040.0,4789453138190.0,5002378822230.0
2023-03-31,011170,258477397580.0,4673820277770.0,4932297675350.0
2022-12-31,011170,-147653767220.0,5643513835720.0,5495860068500.0
2023-12-31,071840,146634771580.0,431911526370.0,578546297950.0
2023-09-30,071840,207899097800.0,517965451930.0,725864549730.0
2023-06-30,071840,184100456100.0,495552062720.0,679652518820.0
2023-03-31,071840,139521782970.0,486551880890.0,626073663860.0
2022-12-31,071840,159331186900.0,575009779080.0,734340965980.0
2023-09-30,027740,10972244840.0,81149430330.0,92121675170.0
2023-06-30,027740,7663585520.0,75666520690.0,83330106210.0
2023-03-31,027740,287291920.0,74561358480.0,74848650400.0
2022-12-31,027740,2535324410.0,81259958300.0,83795282710.0
2023-06-30,357430,2130353880.0,2130353880.0
2022-12-31,357430,2306405340.0,2306405340.0
2023-12-31,001080,-1065627090.0,41838237420.0,40772610330.0
2023-09-30,001080,-924023030.0,38710264770.0,37786241740.0
2023-06-30,001080,1980504540.0,46599073400.0,48579577940.0
2023-03-31,001080,3260347110.0,49464954750.0,52725301860.0
2022-12-31,001080,2368502510.0,54184386510.0,56552889020.0
2023-09-30,090370,1075888070.0,3984417140.0,5060305210.0
2023-06-30,090370,1544486430.0,3687429150.0,5231915580.0
2023-03-31,090370,1646152140.0,2322626370.0,3968778510.0
2022-12-31,090370,-3911000660.0,632207050.0,-3278793610.0
2023-09-30,017180,24284078590.0,18924191250.0,43208269840.0
2023-06-30,017180,24935474200.0,18573528820.0,43509003020.0
2023-03-31,017180,22984071050.0,17018479920.0,40002550970.0
2022-12-31,017180,19737959460.0,20240059140.0,39978018600.0
2023-09-30,009900,61458035590.0,333264570020.0,394722605610.0
2023-06-30,009900,95353097960.0,371190750680.0,466543848640.0
2023-03-31,009900,68463941780.0,368220741680.0,436684683460.0
2022-12-31,009900,68039604110.0,397500376040.0,465539980150.0
2023-09-30,012690,7729962370.0,23741862160.0,31471824530.0
2023-06-30,012690,7660480680.0,23967198050.0,31627678730.0
2023-03-31,012690,7427328360.0,26012037510.0,33439365870.0
2022-12-31,012690,6760138020.0,26024887380.0,32785025400.0
2023-09-30,005360,9337767070.0,22062361440.0,31400128510.0
2023-06-30,005360,11563177030.0,24171824870.0,35735001900.0
2023-03-31,005360,14202838590.0,25515092300.0,39717930890.0
2022-12-31,005360,14779048020.0,25874159980.0,40653208000.0
2023-12-31,009680,8946313630.0,50911852130.0,59858165760.0
2023-09-30,009680,8009506090.0,51187542860.0,59197048950.0
2023-06-30,009680,7930536310.0,55898504010.0,63829040320.0
2023-03-31,009680,8075392180.0,53299130350.0,61374522530.0
2022-12-31,009680,7725936340.0,56678639110.0,64404575450.0
2023-09-30,009580,8617933960.0,167505655770.0,176123589730.0
2023-06-30,009580,21680915050.0,169024285140.0,190705200190.0
2023-03-31,009580,29744615200.0,171136109000.0,200880724200.0
2022-12-31,009580,32455955760.0,178314186030.0,210770141790.0
2023-09-30,009200,27911193960.0,270359376870.0,298270570830.0
2023-06-30,009200,48681147760.0,278793786330.0,327474934090.0
2023-03-31,009200,47652099800.0,297131296860.0,344783396660.0
2022-12-31,009200,51656608780.0,387972252080.0,439628860860.0
2023-09-30,033920,14102496430.0,21656727970.0,35759224400.0
2023-06-30,033920,15923392970.0,21142571450.0,37065964420.0
2023-03-31,033920,16879198510.0,21888995020.0,38768193530.0
2022-12-31,033920,17628456600.0,20761216830.0,38389673430.0
2023-12-31,008420,225012880.0,41529883360.0,41754896240.0
2023-09-30,008420,1187278340.0,38166408610.0,39353686950.0
2023-06-30,008420,-1101874340.0,34509250440.0,33407376100.0
2023-03-31,008420,3917635090.0,45200307640.0,49117942730.0
2022-12-31,008420,2314409010.0,41589935690.0,43904344700.0
2023-12-31,025560,-15310225590.0,17925489630.0,2615264040.0
2023-09-30,025560,3023254190.0,5602908960.0,8626163150.0
2023-06-30,025560,3046238150.0,2665968660.0,5712206810.0
2023-03-31,025560,1924953650.0,2860875840.0,4785829490.0
2022-12-31,025560,4198764740.0,8970973020.0,13169737760.0
2023-09-30,007120,981110170.0,1399107120.0,2380217290.0
2023-06-30,007120,1644335300.0,1340548390.0,2984883690.0
2023-03-31,007120,2864206960.0,2323889780.0,5188096740.0
2022-12-31,007120,3511017310.0,2249760170.0,5760777480.0
2023-02-28,357250,3000869120.0,3000869120.0
2023-09-30,002840,27790815110.0,77981888140.0,105772703250.0
2023-06-30,002840,24723287680.0,77099034220.0,101822321900.0
2023-03-31,002840,22443007300.0,84960778310.0,107403785610.0
2022-12-31,002840,22521343260.0,82659935190.0,105181278450.0
2023-12-31,268280,14652699900.0,86833691710.0,101486391610.0
2023-09-30,268280,13671195720.0,98850884720.0,112522080440.0
2023-06-30,268280,14087446930.0,98677706530.0,112765153460.0
2023-03-31,268280,11698644170.0,99200648640.0,110899292810.0
2022-12-31,268280,21254133160.0,115618040170.0,136872173330.0
2023-09-30,107590,12531469130.0,98687667230.0,111219136360.0
2023-06-30,107590,10496885390.0,96347554630.0,106844440020.0
2023-03-31,107590,11663033690.0,101383239850.0,113046273540.0
2022-12-31,107590,10915297200.0,109133642830.0,120048940030.0
2023-12-31,134380,10539222650.0,49925803200.0,60465025850.0
2023-09-30,134380,10629988370.0,44487540940.0,55117529310.0
2023-06-30,134380,11671907660.0,48569019630.0,60240927290.0
2023-03-31,134380,9469668750.0,47322609070.0,56792277820.0
2022-12-31,134380,7582917750.0,46551919600.0,54134837350.0
2023-09-30,003650,13398202130.0,80567288610.0,93965490740.0
2023-06-30,003650,17733151120.0,88111522060.0,105844673180.0
2023-03-31,003650,16177343740.0,91487681160.0,107665024900.0
2022-12-31,003650,17366883320.0,94628089760.0,111994973080.0
2023-09-30,377740,11005771470.0,10718998810.0,21724770280.0
2023-06-30,377740,-43279169980.0,68693108550.0,25413938570.0
2023-03-31,377740,9744925090.0,11428538520.0,21173463610.0
2022-12-31,377740,-10000897330.0,32791053460.0,22790156130.0
2023-12-31,003610,1818684240.0,25769324700.0,27588008940.0
2023-09-30,003610,-154969030.0,33802889940.0,33647920910.0
2023-06-30,003610,1700276710.0,28717348070.0,30417624780.0
2023-03-31,003610,314077580.0,33882905910.0,34196983490.0
2022-12-31,003610,3093643030.0,30565412440.0,33659055470.0
2023-09-30,001340,14763768620.0,43399231700.0,58163000320.0
2023-06-30,001340,13960413940.0,43340618620.0,57301032560.0
2023-03-31,001340,19461961820.0,43618059690.0,63080021510.0
2022-12-31,001340,18611229370.0,45924620480.0,64535849850.0
2023-09-30,035150,30285614080.0,85666104590.0,115951718670.0
2023-06-30,035150,18603373150.0,76558923340.0,95162296490.0
2023-03-31,035150,22864145770.0,83642747980.0,106506893750.0
2022-12-31,035150,19784212860.0,79228292290.0,99012505150.0
2023-09-30,002410,1317740580.0,27663073070.0,28980813650.0
2023-06-30,002410,3020816930.0,29575681590.0,32596498520.0
2023-03-31,002410,2696640120.0,19754332590.0,22450972710.0
2022-12-31,002410,-10874774390.0,29671106330.0,18796331940.0
2023-09-30,007210,34957128110.0,123183612360.0,158140740470.0
2023-06-30,007210,38264570100.0,128410490170.0,166675060270.0
2023-03-31,007210,24302146980.0,103713027670.0,128015174650.0
2022-12-31,007210,23393219200.0,112656955920.0,136050175120.0
2023-12-31,002760,1543861780.0,10016469260.0,11560331040.0
2023-09-30,002760,1432954370.0,10127030040.0,11559984410.0
2023-06-30,002760,1252855970.0,10150829930.0,11403685900.0
2023-03-31,002760,1456483370.0,10793312390.0,12249795760.0
2022-12-31,002760,1893669010.0,11267564630.0,13161233640.0
2023-12-31,003850,102800728680.0,128436508410.0,231237237090.0
2023-09-30,003850,82159734050.0,126157756140.0,208317490190.0
2023-06-30,003850,89141100150.0,127118753620.0,216259853770.0
2023-03-31,003850,79328290610.0,124482714090.0,203811004700.0
2022-12-31,003850,77831321270.0,123634685460.0,201466006730.0
2023-09-30,000890,7815547720.0,18412939540.0,26228487260.0
2023-06-30,000890,5292611020.0,16272828910.0,21565439930.0
2023-03-31,000890,6927396940.0,15100404060.0,22027801000.0
2022-12-31,000890,6265411630.0,17850958750.0,24116370380.0
2023-12-31,003000,6526320320.0,18494599860.0,25020920180.0
2023-09-30,003000,6218210550.0,14034686240.0,20252896790.0
2023-06-30,003000,17311666230.0,26108438490.0,43420104720.0
2023-03-31,003000,17017318930.0,20217000150.0,37234319080.0
2022-12-31,003000,25620205770.0,35863244670.0,61483450440.0
2023-09-30,026940,1449737520.0,41350864690.0,42800602210.0
2023-06-30,026940,2130617070.0,46565409350.0,48696026420.0
2023-03-31,026940,2589078610.0,53381058670.0,55970137280.0
2022-12-31,026940,687092300.0,54772687880.0,55459780180.0
2023-09-30,011390,6038869900.0,27114744140.0,33153614040.0
2023-06-30,011390,5280568790.0,28042032200.0,33322600990.0
2023-03-31,011390,7452780590.0,29524330300.0,36977110890.0
2022-12-31,011390,5073141850.0,36815878380.0,41889020230.0
2023-09-30,005030,5850472660.0,59053759160.0,64904231820.0
2023-06-30,005030,5011279920.0,57253790780.0,62265070700.0
2023-03-31,005030,3662748540.0,53897707120.0,57560455660.0
2022-12-31,005030,1140408550.0,64520521060.0,65660929610.0
2023-09-30,002070,28740440490.0,21620522000.0,50360962490.0
2023-06-30,002070,36537243250.0,34885016840.0,71422260090.0
2023-03-31,002070,26742290700.0,21685859890.0,48428150590.0
2022-12-31,002070,27805648740.0,19741522660.0,47547171400.0
2023-09-30,100220,30404359170.0,19022689410.0,49427048580.0
2023-06-30,100220,30459337110.0,18205240090.0,48664577200.0
2023-03-31,100220,37950792570.0,28035694550.0,65986487120.0
2022-12-31,100220,51975477560.0,36812727720.0,88788205280.0
2023-09-30,090460,64681799700.0,391390103650.0,456071903350.0
2023-06-30,090460,29808245070.0,275479510120.0,305287755190.0
2023-03-31,090460,22926745460.0,290990252720.0,313916998180.0
2022-12-31,090460,55817513230.0,446705320390.0,502522833620.0
2023-09-30,030790,109775000.0,1340512000.0,1450287000.0
2023-03-31,030790,553977180.0,6427068650.0,6981045830.0
2022-12-31,030790,35778880.0,6740235120.0,6776014000.0
2023-12-31,005180,78946371250.0,198897505820.0,277843877070.0
2023-09-30,005180,152272815680.0,281962949720.0,434235765400.0
2023-06-30,005180,128839412150.0,259888447430.0,388727859580.0
2023-03-31,005180,81124172560.0,212384707800.0,293508880360.0
2022-12-31,005180,54643037200.0,202304088320.0,256947125520.0
2023-12-31,003960,72031356150.0,433712355490.0,505743711640.0
2023-09-30,003960,79164598470.0,467342121790.0,546506720260.0
2023-06-30,003960,74069134950.0,429662417590.0,503731552540.0
2023-03-31,003960,72120400010.0,434972271230.0,507092671240.0
2022-12-31,003960,49362405440.0,457106319880.0,506468725320.0
2023-09-30,008040,21065073950.0,152255547430.0,173320621380.0
2023-06-30,008040,20653075000.0,152161781710.0,172814856710.0
2023-03-31,008040,14465584690.0,152696819500.0,167162404190.0
2022-12-31,008040,6810115300.0,161615508620.0,168425623920.0
2023-12-31,007160,-1484307740.0,168710375690.0,167226067950.0
2023-09-30,007160,-1147734110.0,159624580120.0,158476846010.0
2023-06-30,007160,7027939890.0,169327557680.0,176355497570.0
2023-03-31,007160,9716336940.0,120465527160.0,130181864100.0
2022-12-31,007160,14377335200.0,156948165140.0,171325500340.0
2023-09-30,014710,-6022328000.0,53841868790.0,47819540790.0
2023-06-30,014710,-9086334360.0,55259787000.0,46173452640.0
2023-03-31,014710,1588404320.0,39368522010.0,40956926330.0
2022-12-31,014710,4144532730.0,38705212840.0,42849745570.0
2023-12-31,006090,7784288220.0,97720530930.0,105504819150.0
2023-09-30,006090,12187578760.0,93822320750.0,106009899510.0
2023-06-30,006090,10742654620.0,81789798440.0,92532453060.0
2023-03-31,006090,13427126830.0,74063452770.0,87490579600.0
2022-12-31,006090,2647129640.0,103092500390.0,105739630030.0
2023-09-30,001470,-9030149470.0,138038537930.0,129008388460.0
2023-06-30,001470,-8593535150.0,164301594700.0,155708059550.0
2023-03-31,001470,11500617850.0,164979710350.0,176480328200.0
2022-12-31,001470,-40822054330.0,179777142510.0,138955088180.0
2023-12-31,006400,977229883140.0,4587535152780.0,5564765035920.0
2023-09-30,006400,1024582143180.0,4923526130500.0,5948108273680.0
2023-06-30,006400,1028626641780.0,4811955792290.0,5840582434070.0
2023-03-31,006400,951477739300.0,4403367015660.0,5354844754960.0
2022-12-31,006400,1178459611930.0,4787448679390.0,5965908291320.0
2023-12-31,006405,977229883140.0,4587535152780.0,5564765035920.0
2023-09-30,006405,1024582143180.0,4923526130500.0,5948108273680.0
2023-06-30,006405,1028626641780.0,4811955792290.0,5840582434070.0
2023-03-31,006405,951477739300.0,4403367015660.0,5354844754960.0
2022-12-31,006405,1178459611930.0,4787448679390.0,5965908291320.0
2023-12-31,006660,3808832970.0,25164749030.0,28973582000.0
2023-09-30,006660,3447500680.0,26043555810.0,29491056490.0
2023-06-30,006660,5388604990.0,27828842330.0,33217447320.0
2023-03-31,006660,5444662060.0,28764089080.0,34208751140.0
2022-12-31,006660,8670580470.0,18997432760.0,27668013230.0
2023-12-31,028260,1656573457770.0,8443172893470.0,10099746351240.0
2023-09-30,028260,1713180117730.0,9258009775380.0,10971189893110.0
2023-06-30,028260,1688491443920.0,8897664470120.0,10586155914040.0
2023-03-31,028260,1508701707110.0,8729887350230.0,10238589057340.0
2022-12-31,028260,1645390475150.0,9002349375760.0,10647739850910.0
2023-12-31,02826K,1656573457770.0,8443172893470.0,10099746351240.0
2023-09-30,02826K,1713180117730.0,9258009775380.0,10971189893110.0
2023-06-30,02826K,1688491443920.0,8897664470120.0,10586155914040.0
2023-03-31,02826K,1508701707110.0,8729887350230.0,10238589057340.0
2022-12-31,02826K,1645390475150.0,9002349375760.0,10647739850910.0
2023-12-31,207940,531263266260.0,542245462950.0,1073508729210.0
2023-09-30,207940,501814457270.0,532158971680.0,1033973428950.0
2023-06-30,207940,427146819830.0,439037749740.0,866184569570.0
2023-03-31,207940,342540017930.0,378382021400.0,720922039330.0
2022-12-31,207940,464298132120.0,501228840910.0,965526973030.0
2023-12-31,018260,470646793390.0,2906449217630.0,3377096011020.0
2023-09-30,018260,442045977020.0,2766014387070.0,3208060364090.0
2023-06-30,018260,443441363100.0,2847323947930.0,3290765311030.0
2023-03-31,018260,440015339440.0,2960907179290.0,3400922518730.0
2022-12-31,018260,444341121080.0,3805654761240.0,4249995882320.0
2023-12-31,028050,412112051450.0,2415354198620.0,2827466250070.0
2023-09-30,028050,263664653210.0,2214447875170.0,2478112528380.0
2023-06-30,028050,452141267810.0,2333746976270.0,2785888244080.0
2023-03-31,028050,322843863580.0,2210607107470.0,2533450971050.0
2022-12-31,028050,321285693880.0,2618344563010.0,2939630256890.0
2023-12-31,009150,387387067530.0,1918835226990.0,2306222294520.0
2023-09-30,009150,464125241560.0,1896815339220.0,2360940580780.0
2023-06-30,009150,481740065370.0,1738782714100.0,2220522779470.0
2023-03-31,009150,387621954470.0,1634140874680.0,2021762829150.0
2022-12-31,009150,371612021430.0,1596817580000.0,1968429601430.0
2023-12-31,009155,387387067530.0,1918835226990.0,2306222294520.0
2023-09-30,009155,464125241560.0,1896815339220.0,2360940580780.0
2023-06-30,009155,481740065370.0,1738782714100.0,2220522779470.0
2023-03-31,009155,387621954470.0,1634140874680.0,2021762829150.0
2022-12-31,009155,371612021430.0,1596817580000.0,1968429601430.0
2023-12-31,005930,21664367000000.0,46115571000000.0,67779938000000.0
2023-09-30,005930,20785926000000.0,46618726000000.0,67404652000000.0
2023-06-30,005930,18358343000000.0,41647190000000.0,60005533000000.0
2023-03-31,005930,17738278000000.0,46007093000000.0,63745371000000.0
2022-12-31,005930,21836847000000.0,48627728000000.0,70464575000000.0
2023-12-31,005935,21664367000000.0,46115571000000.0,67779938000000.0
2023-09-30,005935,20785926000000.0,46618726000000.0,67404652000000.0
2023-06-30,005935,18358343000000.0,41647190000000.0,60005533000000.0
2023-03-31,005935,17738278000000.0,46007093000000.0,63745371000000.0
2022-12-31,005935,21836847000000.0,48627728000000.0,70464575000000.0
2023-09-30,001360,5648509270.0,6069087550.0,11717596820.0
2023-06-30,001360,8063532070.0,6915531300.0,14979063370.0
2023-03-31,001360,5466123700.0,7771947780.0,13238071480.0
2022-12-31,001360,5648135670.0,8467949660.0,14116085330.0
2023-12-31,010140,197567876700.0,2235593156100.0,2433161032800.0
2023-09-30,010140,186626986690.0,1838803349480.0,2025430336170.0
2023-06-30,010140,152416638360.0,1793369941580.0,1945786579940.0
2023-03-31,010140,108862263280.0,1496189699910.0,1605051963190.0
2022-12-31,010140,-229352947700.0,1863899064330.0,1634546116630.0
2023-09-30,068290,6133641280.0,5773923860.0,11907565140.0
2023-06-30,068290,5926280420.0,5978331200.0,11904611620.0
2023-03-31,068290,6656463320.0,6028586920.0,12685050240.0
2022-12-31,068290,6565542460.0,7393157230.0,13958699690.0
2023-12-31,006110,3088106080.0,59883374520.0,62971480600.0
2023-09-30,006110,5217921380.0,61901645980.0,67119567360.0
2023-06-30,006110,6680483790.0,60059170220.0,66739654010.0
2023-03-31,006110,5465020040.0,65727698420.0,71192718460.0
2022-12-31,006110,10578486830.0,65864238510.0,76442725340.0
2023-12-31,145990,113890344300.0,524013258050.0,637903602350.0
2023-09-30,145990,119044883160.0,543623850930.0,662668734090.0
2023-06-30,145990,131146461460.0,567624206980.0,698770668440.0
2023-03-31,145990,100222859280.0,551873307180.0,652096166460.0
2022-12-31,145990,93334952920.0,541906084610.0,635241037530.0
2023-12-31,145995,113890344300.0,524013258050.0,637903602350.0
2023-09-30,145995,119044883160.0,543623850930.0,662668734090.0
2023-06-30,145995,131146461460.0,567624206980.0,698770668440.0
2023-03-31,145995,100222859280.0,551873307180.0,652096166460.0
2022-12-31,145995,93334952920.0,541906084610.0,635241037530.0
2023-09-30,003230,117160873940.0,218085756620.0,335246630560.0
2023-06-30,003230,100798771790.0,184561988510.0,285360760300.0
2023-03-31,003230,70379843150.0,175182021770.0,245561864920.0
2022-12-31,003230,69695921120.0,170311453310.0,240007374430.0
2023-12-31,002170,6528456720.0,41081743740.0,47610200460.0
2023-09-30,002170,5089629330.0,35496960890.0,40586590220.0
2023-06-30,002170,6891525330.0,41038774260.0,47930299590.0
2023-03-31,002170,6976824000.0,36154451610.0,43131275610.0
2022-12-31,002170,4499857670.0,42239921300.0,46739778970.0
2023-12-31,272550,12517331630.0,76394257070.0,88911588700.0
2023-09-30,272550,27505790910.0,93346246080.0,120852036990.0
2023-06-30,272550,30567153350.0,90289789490.0,120856942840.0
2023-03-31,272550,12039701620.0,79008540940.0,91048242560.0
2023-12-31,000070,130299085020.0,654226742150.0,784525827170.0
2023-09-30,000070,137871903270.0,661548678760.0,799420582030.0
2023-06-30,000070,147035077500.0,684634650480.0,831669727980.0
2023-03-31,000070,113484233520.0,681753121080.0,795237354600.0
2022-12-31,000070,110472504120.0,683132864570.0,793605368690.0
2023-12-31,000075,130299085020.0,654226742150.0,784525827170.0
2023-09-30,000075,137871903270.0,661548678760.0,799420582030.0
2023-06-30,000075,147035077500.0,684634650480.0,831669727980.0
2023-03-31,000075,113484233520.0,681753121080.0,795237354600.0
2022-12-31,000075,110472504120.0,683132864570.0,793605368690.0
2023-09-30,003720,4100094530.0,27804014100.0,31904108630.0
2023-06-30,003720,3767828110.0,29801307100.0,33569135210.0
2023-03-31,003720,4538590030.0,29863129270.0,34401719300.0
2022-12-31,003720,3992631780.0,30765383570.0,34758015350.0
2023-09-30,002810,11989473910.0,109191436070.0,121180909980.0
2023-06-30,002810,12390891760.0,107928177240.0,120319069000.0
2023-03-31,002810,12127711550.0,98924800230.0,111052511780.0
2022-12-31,002810,13945730110.0,109119276710.0,123065006820.0
2023-09-30,005680,6468536700.0,36135411370.0,42603948070.0
2023-06-30,005680,8178631600.0,40770394820.0,48949026420.0
2023-03-31,005680,7922541800.0,42233123280.0,50155665080.0
2022-12-31,005680,4836018500.0,37204404080.0,42040422580.0
2023-12-31,023000,7194248220.0,82296797570.0,89491045790.0
2023-09-30,023000,9284473240.0,83561661200.0,92846134440.0
2023-06-30,023000,6887556980.0,82346157000.0,89233713980.0
2023-03-31,023000,5654069230.0,81833206480.0,87487275710.0
2022-12-31,023000,8698829880.0,86122039440.0,94820869320.0
2023-09-30,004380,10115221610.0,68409173380.0,78524394990.0
2023-06-30,004380,12848657620.0,72034589710.0,84883247330.0
2023-03-31,004380,11335925350.0,61546043490.0,72881968840.0
2023-09-30,002450,14405401520.0,31300944260.0,45706345780.0
2023-06-30,002450,11966899710.0,39362696320.0,51329596030.0
2023-03-31,002450,14935054070.0,76738887220.0,91673941290.0
2022-12-31,002450,9461772440.0,73168031280.0,82629803720.0
2023-09-30,004440,7337847280.0,39559013630.0,46896860910.0
2023-06-30,004440,9122455970.0,42077993760.0,51200449730.0
2023-03-31,004440,9574297800.0,45795980100.0,55370277900.0
2022-12-31,004440,864924470.0,62408033030.0,63272957500.0
2023-09-30,000520,17909077350.0,33721106730.0,51630184080.0
2023-06-30,000520,18714473860.0,29745776270.0,48460250130.0
2023-03-31,000520,17473281670.0,28266550670.0,45739832340.0
2022-12-31,000520,15850581790.0,27611713440.0,43462295230.0
2023-09-30,009770,3322462020.0,38818860460.0,42141322480.0
2023-06-30,009770,6006045170.0,41886096930.0,47892142100.0
2023-03-31,009770,5687469920.0,40840457150.0,46527927070.0
2022-12-31,009770,5312210150.0,43211243000.0,48523453150.0
2023-12-31,005500,31806796960.0,45389557210.0,77196354170.0
2023-09-30,005500,29398697270.0,42423743300.0,71822440570.0
2023-06-30,005500,27439887260.0,45640924850.0,73080812110.0
2023-03-31,005500,28035854300.0,41993072580.0,70028926880.0
2023-09-30,004690,120477517960.0,833511639030.0,953989156990.0
2023-06-30,004690,106014004270.0,939393207200.0,1045407211470.0
2023-03-31,004690,201624175400.0,1934024041530.0,2135648216930.0
2022-12-31,004690,41322980180.0,1859680876570.0,1901003856750.0
2023-12-31,010960,5091633050.0,100382273780.0,105473906830.0
2023-09-30,010960,7786918910.0,77632851570.0,85419770480.0
2023-06-30,010960,8752347870.0,87156613520.0,95908961390.0
2023-03-31,010960,5509377400.0,69605125320.0,75114502720.0
2022-12-31,010960,1848393600.0,87403833290.0,89252226890.0
2023-09-30,004450,5718457960.0,33985830310.0,39704288270.0
2023-06-30,004450,7855549740.0,35027124140.0,42882673880.0
2023-03-31,004450,5793305230.0,33015109720.0,38808414950.0
2022-12-31,004450,5155002760.0,32897863540.0,38052866300.0
2023-12-31,009470,6673900820.0,38650011630.0,45323912450.0
2023-09-30,009470,7068899470.0,39721076870.0,46789976340.0
2023-06-30,009470,9331773890.0,46658128720.0,55989902610.0
2023-03-31,009470,9352189670.0,44994957470.0,54347147140.0
2022-12-31,009470,5848144700.0,44158986090.0,50007130790.0
2023-12-31,011230,215211660.0,12803311850.0,13018523510.0
2023-09-30,011230,-60107210.0,8263959420.0,8203852210.0
2023-06-30,011230,851746690.0,9532165300.0,10383911990.0
2023-03-31,011230,877564160.0,9423147750.0,10300711910.0
2022-12-31,011230,955548580.0,11201074260.0,12156622840.0
2023-12-31,001820,8283730390.0,55085937890.0,63369668280.0
2023-09-30,001820,15509406380.0,59201432810.0,74710839190.0
2023-06-30,001820,15725636420.0,61691590410.0,77417226830.0
2023-03-31,001820,12662754830.0,52608055880.0,65270810710.0
2022-12-31,001820,13392904210.0,54279474410.0,67672378620.0
2023-09-30,000390,34320571850.0,120509451030.0,154830022880.0
2023-06-30,000390,38427537890.0,136952451130.0,175379989020.0
2023-03-31,000390,28053288620.0,111612648320.0,139665936940.0
2022-12-31,000390,28762604130.0,133155772050.0,161918376180.0
2023-09-30,041650,30288497440.0,119776736550.0,150065233990.0
2023-06-30,041650,26417171950.0,111089032750.0,137506204700.0
2023-03-31,041650,24657373890.0,109079545960.0,133736919850.0
2022-12-31,041650,26322751530.0,102485133220.0,128807884750.0
2023-09-30,075180,2515501190.0,33588779010.0,36104280200.0
2023-06-30,075180,3456579350.0,33834069900.0,37290649250.0
2023-03-31,075180,-1214308810.0,31066224650.0,29851915840.0
2022-12-31,075180,4289845980.0,33339198010.0,37629043990.0
2023-12-31,007540,30720435700.0,64591521030.0,95311956730.0
2023-09-30,007540,35713119220.0,68729953610.0,104443072830.0
2023-06-30,007540,29738227250.0,62571019300.0,92309246550.0
2023-03-31,007540,32955983670.0,58906237180.0,91862220850.0
2022-12-31,007540,29902740090.0,63594038330.0,93496778420.0
2023-12-31,248170,30328367800.0,64922158720.0,95250526520.0
2023-09-30,248170,35366366380.0,69011428910.0,104377795290.0
2023-06-30,248170,29392465340.0,62831767430.0,92224232770.0
2023-03-31,248170,32357860080.0,59215626080.0,91573486160.0
2022-12-31,248170,29515185880.0,63859253030.0,93374438910.0
2023-09-30,007860,168307280710.0,861325142120.0,1029632422830.0
2023-06-30,007860,145452967970.0,876060425230.0,1021513393200.0
2023-03-31,007860,147386499190.0,749335213030.0,896721712220.0
2022-12-31,007860,149589901720.0,836699604470.0,986289506190.0
2023-09-30,200880,144986376970.0,774581340950.0,919567717920.0
2023-06-30,200880,121093214220.0,779794495380.0,900887709600.0
2023-03-31,200880,126197141040.0,654072251390.0,780269392430.0
2022-12-31,200880,136203476420.0,710523279860.0,846726756280.0
2023-12-31,017390,51519923390.0,506382786460.0,557902709850.0
2023-09-30,017390,31803976510.0,152646228440.0,184450204950.0
2023-06-30,017390,49785585390.0,174193915100.0,223979500490.0
2023-03-31,017390,66162488630.0,684928285760.0,751090774390.0
2022-12-31,017390,46639544150.0,592210997980.0,638850542130.0
2023-09-30,004410,3521464930.0,13182589190.0,16704054120.0
2023-06-30,004410,3191484000.0,13033502000.0,16224986000.0
2023-03-31,004410,3121534790.0,12237720310.0,15359255100.0
2022-12-31,004410,4506072890.0,13117195350.0,17623268240.0
2023-09-30,004415,3521464930.0,13182589190.0,16704054120.0
2023-06-30,004415,3191484000.0,13033502000.0,16224986000.0
2023-03-31,004415,3121534790.0,12237720310.0,15359255100.0
2022-12-31,004415,4506072890.0,13117195350.0,17623268240.0
2023-09-30,021050,2356520420.0,52287278910.0,54643799330.0
2023-06-30,021050,1260399790.0,56899242650.0,58159642440.0
2023-03-31,021050,2166674500.0,58121228680.0,60287903180.0
2022-12-31,021050,5267037860.0,54157521360.0,59424559220.0
2023-09-30,008490,24232399560.0,128073395890.0,152305795450.0
2023-06-30,008490,30765542050.0,123005176770.0,153770718820.0
2023-03-31,008490,27386418010.0,127898744360.0,155285162370.0
2022-12-31,008490,27734616010.0,103828907170.0,131563523180.0
2023-09-30,007610,321088240.0,24512891360.0,24833979600.0
2023-06-30,007610,-499150630.0,13917812470.0,13418661840.0
2023-03-31,007610,-764367900.0,8695399910.0,7931032010.0
2022-12-31,007610,9952583270.0,7486635080.0,17439218350.0
2023-09-30,136490,78077046410.0,397082800200.0,475159846610.0
2023-06-30,136490,80604141950.0,402949231070.0,483553373020.0
2023-03-31,136490,71825244910.0,407953183320.0,479778428230.0
2022-12-31,136490,56838843580.0,280513680800.0,337352524380.0
2023-09-30,014910,1425555720.0,7068154470.0,8493710190.0
2023-06-30,014910,1832166650.0,10639743530.0,12471910180.0
2023-03-31,014910,1467096070.0,9948991690.0,11416087760.0
2022-12-31,014910,1650769440.0,10498274290.0,12149043730.0
2023-09-30,014915,1425555720.0,7068154470.0,8493710190.0
2023-06-30,014915,1832166650.0,10639743530.0,12471910180.0
2023-03-31,014915,1467096070.0,9948991690.0,11416087760.0
2022-12-31,014915,1650769440.0,10498274290.0,12149043730.0
2023-12-31,003080,367089220.0,2804359860.0,3171449080.0
2023-09-30,003080,1054578850.0,5550434590.0,6605013440.0
2023-06-30,003080,2402495370.0,8527568170.0,10930063540.0
2023-03-31,003080,13713690360.0,28192223450.0,41905913810.0
2022-12-31,003080,-126851280.0,4077918930.0,3951067650.0
2023-12-31,004980,71556368940.0,240503069210.0,312059438150.0
2023-09-30,004980,42543115270.0,216228211340.0,258771326610.0
2023-06-30,004980,68608566400.0,238158065790.0,306766632190.0
2023-03-31,004980,29517269080.0,206167518490.0,235684787570.0
2022-12-31,004980,22091686400.0,254313983570.0,276405669970.0
2023-12-31,004985,71556368940.0,240503069210.0,312059438150.0
2023-09-30,004985,42543115270.0,216228211340.0,258771326610.0
2023-06-30,004985,68608566400.0,238158065790.0,306766632190.0
2023-03-31,004985,29517269080.0,206167518490.0,235684787570.0
2022-12-31,004985,22091686400.0,254313983570.0,276405669970.0
2023-09-30,011300,290465200.0,13899300380.0,14189765580.0
2023-06-30,011300,3482269710.0,12674473020.0,16156742730.0
2023-03-31,011300,5119891380.0,12780551300.0,17900442680.0
2022-12-31,011300,3066985440.0,14477308430.0,17544293870.0
2023-09-30,000180,3424459860.0,33640267690.0,37064727550.0
2023-06-30,000180,2953315780.0,39742171110.0,42695486890.0
2023-03-31,000180,934799600.0,44455586070.0,45390385670.0
2022-12-31,000180,2265793770.0,54529859430.0,56795653200.0
2023-09-30,002420,689164370.0,6686755740.0,7375920110.0
2023-06-30,002420,582000890.0,6374372110.0,6956373000.0
2023-03-31,002420,547811370.0,6977300120.0,7525111490.0
2022-12-31,002420,648821340.0,8616492480.0,9265313820.0
2023-12-31,004360,22836295520.0,267576558390.0,290412853910.0
2023-09-30,004360,28744753180.0,274189366600.0,302934119780.0
2023-06-30,004360,35835771140.0,253605912530.0,289441683670.0
2023-03-31,004360,28407865060.0,230753525000.0,259161390060.0
2022-12-31,004360,25232577360.0,255294899050.0,280527476410.0
2023-12-31,004365,22836295520.0,267576558390.0,290412853910.0
2023-09-30,004365,28744753180.0,274189366600.0,302934119780.0
2023-06-30,004365,35835771140.0,253605912530.0,289441683670.0
2023-03-31,004365,28407865060.0,230753525000.0,259161390060.0
2022-12-31,004365,25232577360.0,255294899050.0,280527476410.0
2023-12-31,004490,89544406220.0,411413911250.0,500958317470.0
2023-09-30,004490,64155004950.0,344967316220.0,409122321170.0
2023-06-30,004490,63787814390.0,333032893470.0,396820707860.0
2023-03-31,004490,46764032110.0,331149967140.0,377913999250.0
2022-12-31,004490,61445642850.0,340959622530.0,402405265380.0
2023-12-31,001430,59933060740.0,827997750760.0,887930811500.0
2023-09-30,001430,92248636490.0,868145939450.0,960394575940.0
2023-06-30,001430,133367977270.0,974536568610.0,1107904545880.0
2023-03-31,001430,120497343180.0,1006753899410.0,1127251242590.0
2022-12-31,001430,55206577860.0,1025050526260.0,1080257104120.0
2023-12-31,306200,63757410800.0,373644765390.0,437402176190.0
2023-09-30,306200,62728266580.0,360649937940.0,423378204520.0
2023-06-30,306200,90978920110.0,418937096760.0,509916016870.0
2023-03-31,306200,99971950740.0,390236621590.0,490208572330.0
2022-12-31,306200,94285062630.0,331002746070.0,425287808700.0
2023-09-30,003030,178625523090.0,763377944230.0,942003467320.0
2023-06-30,003030,249582622980.0,765880688720.0,1015463311700.0
2023-03-31,003030,269305497250.0,771974529280.0,1041280026530.0
2022-12-31,003030,229416892680.0,769638494750.0,999055387430.0
2023-12-31,019440,10186863580.0,234049500810.0,244236364390.0
2023-09-30,019440,15251718340.0,241626254510.0,256877972850.0
2023-06-30,019440,16867048600.0,245538333300.0,262405381900.0
2023-03-31,019440,13745172590.0,252031004380.0,265776176970.0
2022-12-31,019440,16307403630.0,259205425750.0,275512829380.0
2023-12-31,058650,57247173160.0,1352802637780.0,1410049810940.0
2023-09-30,058650,103511834300.0,1417073973970.0,1520585808270.0
2023-06-30,058650,146757814990.0,1547127596950.0,1693885411940.0
2023-03-31,058650,134651481290.0,1660031090570.0,1794682571860.0
2022-12-31,058650,67847407840.0,1614885708790.0,1682733116630.0
2023-09-30,013000,1202477430.0,8697373320.0,9899850750.0
2023-06-30,013000,1154811980.0,8495567970.0,9650379950.0
2023-03-31,013000,1111237010.0,6366027780.0,7477264790.0
2022-12-31,013000,938455490.0,5497396800.0,6435852290.0
2023-09-30,091090,2369962980.0,36181912820.0,38551875800.0
2023-06-30,091090,2918082600.0,46400840940.0,49318923540.0
2023-03-31,091090,473165250.0,37580320190.0,38053485440.0
2022-12-31,091090,6612695670.0,32314761340.0,38927457010.0
2023-12-31,021820,9424662610.0,33426696760.0,42851359370.0
2023-09-30,021820,10659424580.0,26268920550.0,36928345130.0
2023-06-30,021820,9388476960.0,36820371870.0,46208848830.0
2023-03-31,021820,7411243000.0,29517488140.0,36928731140.0
2022-12-31,021820,4727921670.0,33919758350.0,38647680020.0
2023-12-31,067830,18924236160.0,13150890440.0,32075126600.0
2023-09-30,067830,15447800960.0,14295332140.0,29743133100.0
2023-06-30,067830,18251900010.0,13308029290.0,31559929300.0
2023-03-31,067830,16767564390.0,13641109900.0,30408674290.0
2022-12-31,067830,18644771100.0,12562088010.0,31206859110.0
2023-09-30,033530,38590277190.0,391765992040.0,430356269230.0
2023-06-30,033530,41392354310.0,423431227580.0,464823581890.0
2023-03-31,033530,43870388590.0,437586215920.0,481456604510.0
2022-12-31,033530,43220277810.0,446702293000.0,489922570810.0
2023-09-30,075580,-347915510.0,82334880790.0,81986965280.0
2023-06-30,075580,26681418840.0,93810069180.0,120491488020.0
2023-03-31,075580,-1211277530.0,72913553440.0,71702275910.0
2022-12-31,075580,19973818220.0,81216711170.0,101190529390.0
2023-09-30,068270,370349256960.0,301942329760.0,672291586720.0
2023-06-30,068270,276170233330.0,247808197160.0,523978430490.0
2023-03-31,068270,264177091840.0,333386911750.0,597564003590.0
2022-12-31,068270,199966136800.0,310672375890.0,510638512690.0
2023-09-30,336370,2334003230.0,108864922590.0,111198925820.0
2023-06-30,336370,-3580756810.0,104750969480.0,101170212670.0
2023-03-31,336370,4685117390.0,108087177810.0,112772295200.0
2022-12-31,336370,3799661870.0,105315306010.0,109114967880.0
2023-09-30,33637K,2334003230.0,108864922590.0,111198925820.0
2023-06-30,33637K,-3580756810.0,104750969480.0,101170212670.0
2023-03-31,33637K,4685117390.0,108087177810.0,112772295200.0
2022-12-31,33637K,3799661870.0,105315306010.0,109114967880.0
2023-09-30,33637L,2334003230.0,108864922590.0,111198925820.0
2023-06-30,33637L,-3580756810.0,104750969480.0,101170212670.0
2023-03-31,33637L,4685117390.0,108087177810.0,112772295200.0
2022-12-31,33637L,3799661870.0,105315306010.0,109114967880.0
2023-09-30,248070,91726661280.0,437375857940.0,529102519220.0
2023-06-30,248070,80139058350.0,443343352480.0,523482410830.0
2023-03-31,248070,80770056430.0,498821470510.0,579591526940.0
2022-12-31,248070,52213870720.0,364820828780.0,417034699500.0
2023-12-31,004430,28472000000.0,217237000000.0,245709000000.0
2023-09-30,004430,36351000000.0,211516000000.0,247867000000.0
2023-06-30,004430,44050000000.0,225182000000.0,269232000000.0
2023-03-31,004430,41076000000.0,226091000000.0,267167000000.0
2022-12-31,004430,50887000000.0,246723000000.0,297610000000.0
2023-09-30,126720,15524469470.0,55892940920.0,71417410390.0
2023-06-30,126720,17859118700.0,73489754590.0,91348873290.0
2023-03-31,126720,20869269560.0,57605600000.0,78474869560.0
2022-12-31,126720,20852722550.0,64331203500.0,85183926050.0
2023-09-30,017550,11137159210.0,36563137330.0,47700296540.0
2023-06-30,017550,14718193080.0,44705566660.0,59423759740.0
2023-03-31,017550,15797802580.0,54678628510.0,70476431090.0
2022-12-31,017550,17375966500.0,53920678890.0,71296645390.0
2023-09-30,053210,251036007480.0,9459988000.0,260495995480.0
2023-06-30,053210,255946602840.0,5337872000.0,261284474840.0
2023-03-31,053210,248909332020.0,5878588000.0,254787920020.0
2022-12-31,053210,256005262040.0,15133214000.0,271138476040.0
2023-09-30,204210,1881466460.0,,1881466460.0
2023-06-30,204210,3162819210.0,,3162819210.0
2023-03-31,204210,1326695740.0,852434000.0,2179129740.0
2023-09-30,026890,17207583420.0,740920450.0,17948503870.0
2023-06-30,026890,15228603920.0,585510600.0,15814114520.0
2023-03-31,026890,12719025410.0,616446610.0,13335472020.0
2022-12-31,026890,6003744740.0,4753644210.0,10757388950.0
2023-09-30,134790,10840160440.0,36221564910.0,47061725350.0
2023-06-30,134790,9414763760.0,35337518740.0,44752282500.0
2023-03-31,134790,12044634640.0,48518015710.0,60562650350.0
2022-12-31,134790,10179415480.0,45394417600.0,55573833080.0
2023-09-30,016590,31077167660.0,128128417370.0,159205585030.0
2023-06-30,016590,37067925050.0,125160138530.0,162228063580.0
2023-03-31,016590,32755803940.0,125947930710.0,158703734650.0
2022-12-31,016590,24209774730.0,149872281040.0,174082055770.0
2023-12-31,029530,20966720830.0,70905218070.0,91871938900.0
2023-09-30,029530,23207557080.0,75451584200.0,98659141280.0
2023-06-30,029530,23041994550.0,76713104910.0,99755099460.0
2023-03-31,029530,27779386530.0,77757549080.0,105536935610.0
2022-12-31,029530,17229897870.0,84114250130.0,101344148000.0
2023-12-31,004970,25517359240.0,101006386040.0,126523745280.0
2023-09-30,004970,24209507470.0,94633070100.0,118842577570.0
2023-06-30,004970,23014329800.0,88805165920.0,111819495720.0
2023-03-31,004970,13673232910.0,63326704050.0,76999936960.0
2022-12-31,004970,15703616930.0,102265180620.0,117968797550.0
2023-12-31,011930,17207688180.0,151534188630.0,168741876810.0
2023-09-30,011930,13394497040.0,116073281060.0,129467778100.0
2023-06-30,011930,18336522510.0,138650871890.0,156987394400.0
2023-03-31,011930,17425535930.0,103897067130.0,121322603060.0
2022-12-31,011930,16139224040.0,178348847870.0,194488071910.0
2023-12-31,005390,238801363470.0,236349310890.0,475150674360.0
2023-09-30,005390,131222066960.0,188742310200.0,319964377160.0
2023-06-30,005390,204554717520.0,196286595110.0,400841312630.0
2023-03-31,005390,136022755130.0,173917254570.0,309940009700.0
2022-12-31,005390,224249488580.0,252510591550.0,476760080130.0
2023-12-31,004170,1021937086020.0,698344687210.0,1720281773230.0
2023-09-30,004170,889928905290.0,607558734830.0,1497487640120.0
2023-06-30,004170,964845365820.0,611055276910.0,1575900642730.0
2023-03-31,004170,978275714480.0,585142771570.0,1563418486050.0
2022-12-31,004170,1451574299250.0,762473277330.0,2214047576580.0
2023-12-31,035510,25410646690.0,135138218780.0,160548865470.0
2023-09-30,035510,20565213660.0,127386611300.0,147951824960.0
2023-06-30,035510,23590724830.0,134741794630.0,158332519460.0
2023-03-31,035510,20373988970.0,131715737150.0,152089726120.0
2022-12-31,035510,21382106560.0,149446871180.0,170828977740.0
2023-09-30,034300,-1303929660.0,322106819800.0,320802890140.0
2023-06-30,034300,2950805870.0,484052821730.0,487003627600.0
2023-03-31,034300,7270275780.0,344976792610.0,352247068390.0
2022-12-31,034300,-166906360.0,437617016500.0,437450110140.0
2023-09-30,031430,186354005870.0,129462932880.0,315816938750.0
2023-06-30,031430,209117423740.0,124688021290.0,333805445030.0
2023-03-31,031430,196119829760.0,116082249650.0,312202079410.0
2022-12-31,031430,260403118390.0,169865170220.0,430268288610.0
2023-12-31,031440,59805259930.0,316813711760.0,376618971690.0
2023-09-30,031440,64419537750.0,328593846190.0,393013383940.0
2023-06-30,031440,58844854680.0,311153813220.0,369998667900.0
2023-03-31,031440,51425725760.0,297863921760.0,349289647520.0
2022-12-31,031440,50472259250.0,309970642150.0,360442901400.0
2023-09-30,006880,6180169200.0,31646468400.0,37826637600.0
2023-06-30,006880,6482062740.0,50795110290.0,57277173030.0
2023-03-31,006880,4820912470.0,27822885820.0,32643798290.0
2022-12-31,006880,8460051790.0,56402803610.0,64862855400.0
2023-12-31,005800,21017703130.0,17122323850.0,38140026980.0
2023-09-30,005800,32628947790.0,22215875970.0,54844823760.0
2023-06-30,005800,35548656990.0,27438728740.0,62987385730.0
2023-03-31,005800,27670012340.0,19132919950.0,46802932290.0
2022-12-31,005800,21508779840.0,16321136780.0,37829916620.0
2023-09-30,009270,54433100730.0,178498252830.0,232931353560.0
2023-06-30,009270,56932656760.0,160364358660.0,217297015420.0
2023-03-31,009270,55665762480.0,140248115850.0,195913878330.0
2022-12-31,009270,56231535560.0,173814945090.0,230046480650.0
2023-09-30,002700,11073820550.0,33174212590.0,44248033140.0
2023-06-30,002700,14469217060.0,46418478320.0,60887695380.0
2023-03-31,002700,5970248870.0,22117767380.0,28088016250.0
2022-12-31,002700,6282846200.0,42826006670.0,49108852870.0
2023-09-30,002870,-998116840.0,26433000480.0,25434883640.0
2023-06-30,002870,-1080998890.0,29795048740.0,28714049850.0
2023-03-31,002870,1298026010.0,26000591900.0,27298617910.0
2022-12-31,002870,462992800.0,4182655700.0,4645648500.0
2023-09-30,019170,19605649470.0,29528714640.0,49134364110.0
2023-06-30,019170,21901012440.0,31216030830.0,53117043270.0
2023-03-31,019170,19148803840.0,29219527620.0,48368331460.0
2022-12-31,019170,22352962020.0,36439343890.0,58792305910.0
2023-09-30,019175,19605649470.0,29528714640.0,49134364110.0
2023-06-30,019175,21901012440.0,31216030830.0,53117043270.0
2023-03-31,019175,19148803840.0,29219527620.0,48368331460.0
2022-12-31,019175,22352962020.0,36439343890.0,58792305910.0
2023-09-30,404990,7724695320.0,7724695320.0
2023-03-31,404990,7428619190.0,7428619190.0
2023-06-30,293940,27197846160.0,27197846160.0
2022-12-31,293940,25970154770.0,25970154770.0
2023-12-31,004080,9856095790.0,18914391740.0,28770487530.0
2023-09-30,004080,8853138770.0,18588945400.0,27442084170.0
2023-06-30,004080,8844439500.0,18717302110.0,27561741610.0
2023-03-31,004080,8482407940.0,20186059220.0,28668467160.0
2022-12-31,004080,9086759530.0,21454580500.0,30541340030.0
2023-09-30,102280,6998318870.0,15190512840.0,22188831710.0
2023-06-30,102280,7387584230.0,15685830230.0,23073414460.0
2023-03-31,102280,7656974000.0,18727005210.0,26383979210.0
2022-12-31,102280,6924034910.0,19244727110.0,26168762020.0
2023-09-30,003410,87793335200.0,332631865010.0,420425200210.0
2023-06-30,003410,99243941850.0,456427679890.0,555671621740.0
2023-03-31,003410,54931553760.0,436497376510.0,491428930270.0
2022-12-31,003410,177361975780.0,450381626370.0,627743602150.0
2023-09-30,004770,1294151980.0,1873120350.0,3167272330.0
2023-06-30,004770,918971540.0,2244548660.0,3163520200.0
2023-03-31,004770,1369075070.0,2521261280.0,3890336350.0
2022-12-31,004770,1052910760.0,2589119130.0,3642029890.0
2023-09-30,403550,112718089500.0,112718089500.0
2023-06-30,403550,103863066740.0,103863066740.0
2023-03-31,403550,85716064150.0,85716064150.0
2022-12-31,403550,121371242660.0,121371242660.0
2023-12-31,004920,4239998670.0,12976135890.0,17216134560.0
2023-09-30,004920,4310986640.0,7627532540.0,11938519180.0
2023-06-30,004920,3622669760.0,8920526290.0,12543196050.0
2023-03-31,004920,5060317590.0,10292719740.0,15353037330.0
2022-12-31,004920,7585695820.0,13164717770.0,20750413590.0
2023-09-30,112610,66004646300.0,314499280440.0,380503926740.0
2023-06-30,112610,63937470430.0,351582854460.0,415520324890.0
2023-03-31,112610,49327581510.0,301143111030.0,350470692540.0
2022-12-31,112610,23536024430.0,390605208600.0,414141233030.0
2023-09-30,308170,7751879580.0,97821497280.0,105573376860.0
2023-06-30,308170,9131163210.0,107297146690.0,116428309900.0
2023-03-31,308170,6626420270.0,102163815930.0,108790236200.0
2022-12-31,308170,9251527390.0,109283683270.0,118535210660.0
2023-09-30,008700,11923149000.0,92720966000.0,104644115000.0
2023-06-30,008700,7942909000.0,65853392000.0,73796301000.0
2023-03-31,008700,7585382000.0,77127391000.0,84712773000.0
2022-12-31,008700,11748169000.0,104578208000.0,116326377000.0
2023-09-30,002790,691579002240.0,271769463470.0,963348465710.0
2023-06-30,002790,731206089360.0,299632994460.0,1030839083820.0
2023-03-31,002790,701643426620.0,307506489540.0,1009149916160.0
2022-12-31,002790,842524327640.0,341414178300.0,1183938505940.0
2023-09-30,002795,691579002240.0,271769463470.0,963348465710.0
2023-06-30,002795,731206089360.0,299632994460.0,1030839083820.0
2023-03-31,002795,701643426620.0,307506489540.0,1009149916160.0
2022-12-31,002795,842524327640.0,341414178300.0,1183938505940.0
2023-09-30,090430,613847331840.0,274985150820.0,888832482660.0
2023-06-30,090430,644036092480.0,301348280110.0,945384372590.0
2023-03-31,090430,613927659030.0,299769958920.0,913697617950.0
2022-12-31,090430,749264348980.0,338504412530.0,1087768761510.0
2023-09-30,090435,613847331840.0,274985150820.0,888832482660.0
2023-06-30,090435,644036092480.0,301348280110.0,945384372590.0
2023-03-31,090435,613927659030.0,299769958920.0,913697617950.0
2022-12-31,090435,749264348980.0,338504412530.0,1087768761510.0
2023-12-31,002030,115769149830.0,427372445700.0,543141595530.0
2023-09-30,002030,122729128050.0,393912511890.0,516641639940.0
2023-06-30,002030,131317150530.0,432904719640.0,564221870170.0
2023-03-31,002030,91860595060.0,400021622460.0,491882217520.0
2022-12-31,002030,121571434620.0,432155231910.0,553726666530.0
2023-12-31,183190,71840976220.0,242222521890.0,314063498110.0
2023-09-30,183190,74831980780.0,213600205570.0,288432186350.0
2023-06-30,183190,78734767150.0,253701423410.0,332436190560.0
2023-03-31,183190,45209835060.0,220313199420.0,265523034480.0
2022-12-31,183190,70925698110.0,224284784230.0,295210482340.0
2023-12-31,002310,42955193030.0,185997604630.0,228952797660.0
2023-09-30,002310,47054244810.0,178865941310.0,225920186120.0
2023-06-30,002310,53439924200.0,176039007570.0,229478931770.0
2023-03-31,002310,45730900400.0,178251586510.0,223982486910.0
2022-12-31,002310,50160098330.0,206176882450.0,256336980780.0
2023-09-30,012170,796853880.0,2897768500.0,3694622380.0
2023-06-30,012170,18818380.0,1650247410.0,1669065790.0
2023-03-31,012170,480028890.0,1304130290.0,1784159180.0
2022-12-31,012170,728101960.0,8401218640.0,9129320600.0
2023-09-30,267850,3662109540.0,38940295240.0,42602404780.0
2023-06-30,267850,4371829800.0,42415286330.0,46787116130.0
2023-03-31,267850,4728308890.0,41530104910.0,46258413800.0
2022-12-31,267850,7356904770.0,37436303720.0,44793208490.0
2023-09-30,020560,355767531930.0,1646123687990.0,2001891219920.0
2023-06-30,020560,302620858270.0,1522956579980.0,1825577438250.0
2023-03-31,020560,307037930860.0,1440379048880.0,1747416979740.0
2022-12-31,020560,237493817480.0,1495676582900.0,1733170400380.0
2023-09-30,122900,36579191720.0,773441857340.0,810021049060.0
2023-06-30,122900,38953815480.0,803705471340.0,842659286820.0
2023-03-31,122900,37682338670.0,810094160110.0,847776498780.0
2022-12-31,122900,42010290070.0,918425376750.0,960435666820.0
2023-09-30,010780,116077084930.0,325478281340.0,441555366270.0
2023-06-30,010780,135769540850.0,418531382800.0,554300923650.0
2023-03-31,010780,124448244450.0,418148115610.0,542596360060.0
2022-12-31,010780,106967156100.0,415867979270.0,522835135370.0
2023-09-30,139990,16201964330.0,261223314710.0,277425279040.0
2023-06-30,139990,18237213500.0,223284779580.0,241521993080.0
2023-03-31,139990,5634250160.0,185061470880.0,190695721040.0
2022-12-31,139990,-6626815700.0,220704963910.0,214078148210.0
2023-09-30,001780,25089362480.0,123848646920.0,148938009400.0
2023-06-30,001780,22243107660.0,120498447080.0,142741554740.0
2023-03-31,001780,26888889950.0,121100268380.0,147989158330.0
2022-12-31,001780,21211331830.0,153621122010.0,174832453840.0
2023-12-31,018250,83040335410.0,92717199920.0,175757535330.0
2023-09-30,018250,80952004900.0,92951922350.0,173903927250.0
2023-06-30,018250,77659768880.0,84480767360.0,162140536240.0
2023-03-31,018250,73075360730.0,83989591570.0,157064952300.0
2022-12-31,018250,75980690090.0,91088697540.0,167069387630.0
2023-09-30,161000,45544289860.0,414702789330.0,460247079190.0
2023-06-30,161000,50476866530.0,417346286650.0,467823153180.0
2023-03-31,161000,43056879220.0,400722550260.0,443779429480.0
2022-12-31,161000,36337057480.0,425842954200.0,462180011680.0
2023-09-30,011090,3326438420.0,50338034240.0,53664472660.0
2023-06-30,011090,4305892010.0,50265617040.0,54571509050.0
2023-03-31,011090,2013345200.0,55881697940.0,57895043140.0
2022-12-31,011090,-2053470190.0,55063821320.0,53010351130.0
2023-09-30,137310,38763078550.0,112265149960.0,151028228510.0
2023-06-30,137310,35698910260.0,126938160310.0,162637070570.0
2023-03-31,137310,-21095213880.0,203495557930.0,182400344050.0
2022-12-31,137310,-53664548600.0,251050333580.0,197385784980.0
2023-09-30,118000,1590886690.0,2662071090.0,4252957780.0
2023-06-30,118000,1046801220.0,9386193040.0,10432994260.0
2023-03-31,118000,2297952040.0,8016425390.0,10314377430.0
2022-12-31,118000,1652557120.0,2402876840.0,4055433960.0
2023-09-30,005850,147473444050.0,1035372015390.0,1182845459440.0
2023-06-30,005850,194772688590.0,1059606977560.0,1254379666150.0
2023-03-31,005850,162906300020.0,1047894046360.0,1210800346380.0
2022-12-31,005850,115442486430.0,1126930333860.0,1242372820290.0
2023-09-30,010580,5622861030.0,30941959680.0,36564820710.0
2023-06-30,010580,3059850530.0,34939230700.0,37999081230.0
2023-03-31,010580,18507096550.0,71379805130.0,89886901680.0
2022-12-31,010580,7471090060.0,40620488230.0,48091578290.0
2023-12-31,012750,152765598980.0,541303477400.0,694069076380.0
2023-09-30,012750,150573916530.0,494863420860.0,645437337390.0
2023-06-30,012750,154263150750.0,494413171870.0,648676322620.0
2023-03-31,012750,159295759260.0,473332045860.0,632627805120.0
2022-12-31,012750,138425988210.0,491689368310.0,630115356520.0
2023-09-30,023960,3171081360.0,31393592130.0,34564673490.0
2023-06-30,023960,5175476370.0,28474298810.0,33649775180.0
2023-03-31,023960,4828157810.0,27113675690.0,31941833500.0
2022-12-31,023960,7674198440.0,34276236670.0,41950435110.0
2023-09-30,298690,57417794450.0,173039801210.0,230457595660.0
2023-06-30,298690,46177435740.0,152117759350.0,198295195090.0
2023-03-31,298690,61209246340.0,151869021590.0,213078267930.0
2022-12-31,298690,7686708600.0,144815622960.0,152502331560.0
2023-12-31,140910,281314820.0,557281810.0,838596630.0
2023-09-30,140910,238353910.0,93759280.0,332113190.0
2023-06-30,140910,158193010.0,93759280.0,251952290.0
2023-03-31,140910,106969880.0,93759280.0,200729160.0
2022-12-31,140910,108516180.0,93759280.0,202275460.0
2023-09-30,078520,35780737530.0,29541374020.0,65322111550.0
2023-06-30,078520,43094995380.0,31488328360.0,74583323740.0
2023-03-31,078520,38285160750.0,24834449650.0,63119610400.0
2022-12-31,078520,37703679770.0,29870729240.0,67574409010.0
2023-09-30,015260,2001195850.0,33575634440.0,35576830290.0
2023-06-30,015260,2212042410.0,35967489710.0,38179532120.0
2023-03-31,015260,3844572720.0,35373255030.0,39217827750.0
2022-12-31,015260,1111928930.0,35336189880.0,36448118810.0
2023-09-30,007460,5101478140.0,34756308980.0,39857787120.0
2023-06-30,007460,-14164730830.0,51542337280.0,37377606450.0
2023-03-31,007460,9552534020.0,26402037390.0,35954571410.0
2022-12-31,007460,-1184333710.0,38266230350.0,37081896640.0
2023-12-31,003060,-4443982240.0,27147459170.0,22703476930.0
2023-09-30,003060,-3155826520.0,23289454120.0,20133627600.0
2023-06-30,003060,-449708000.0,27524287990.0,27074579990.0
2023-03-31,003060,7620639140.0,9831304040.0,17451943180.0
2022-12-31,003060,6879865110.0,10204475030.0,17084340140.0
2023-09-30,244920,55740558430.0,41396399000.0,97136957430.0
2023-06-30,244920,48118775710.0,38145126000.0,86263901710.0
2023-03-31,244920,74815718460.0,163401000.0,74979119460.0
2022-12-31,244920,-64889041920.0,134432698000.0,69543656080.0
2023-09-30,278470,90508231260.0,31430514950.0,121938746210.0
2023-06-30,278470,97640366770.0,30031921400.0,127672288170.0
2023-03-31,278470,90673866920.0,31505060600.0,122178927520.0
2022-12-31,278470,92999168960.0,35113034210.0,128112203170.0
2023-09-30,450080,-228464800.0,240238184300.0,240009719500.0
2023-06-30,450080,14017031850.0,275124030860.0,289141062710.0
2023-03-31,450080,13796760340.0,221175290530.0,234972050870.0
2022-12-31,450080,7550907820.0,211112478650.0,218663386470.0
2023-09-30,036570,422311987680.0,795599000.0,423107586680.0
2023-06-30,036570,439277355180.0,968926000.0,440246281180.0
2023-03-31,036570,478321880660.0,448091000.0,478769971660.0
2022-12-31,036570,547531034610.0,416643000.0,547947677610.0
2023-09-30,085310,1676555610.0,15672109670.0,17348665280.0
2023-06-30,085310,5040763520.0,19934730930.0,24975494450.0
2023-03-31,085310,5272379600.0,21032471390.0,26304850990.0
2022-12-31,085310,5163595650.0,20418309390.0,25581905040.0
2023-09-30,900140,10171408000.0,40935447000.0,51106855000.0
2023-06-30,900140,14871969000.0,53339804000.0,68211773000.0
2023-03-31,900140,17881983000.0,64231927000.0,82113910000.0
2022-12-31,900140,10348568000.0,54709646000.0,65058214000.0
2023-12-31,066970,-257050987300.0,914680719630.0,657629732330.0
2023-09-30,066970,34187636210.0,1221170341210.0,1255357977420.0
2023-06-30,066970,24231587850.0,1343954561030.0,1368186148880.0
2023-03-31,066970,58996194330.0,1303920314620.0,1362916508950.0
2022-12-31,066970,78248925010.0,1150161694340.0,1228410619350.0
2023-09-30,097520,25727449510.0,210626575540.0,236354025050.0
2023-06-30,097520,11715810000.0,180485428750.0,192201238750.0
2023-03-31,097520,17649030130.0,233323439350.0,250972469480.0
2022-12-31,097520,17651335650.0,230099201330.0,247750536980.0
2023-12-31,014440,8876130010.0,17683954230.0,26560084240.0
2023-09-30,014440,4582367040.0,17519160670.0,22101527710.0
2023-06-30,014440,5024061790.0,16440692160.0,21464753950.0
2023-03-31,014440,4315153040.0,15837510960.0,20152664000.0
2022-12-31,014440,5849877010.0,18796495920.0,24646372930.0
2023-09-30,111770,308791849040.0,689980010420.0,998771859460.0
2023-06-30,111770,336431777240.0,671349144060.0,1007780921300.0
2023-03-31,111770,285982247520.0,554581930240.0,840564177760.0
2022-12-31,111770,339254153010.0,697414472580.0,1036668625590.0
2023-09-30,009970,405196044530.0,645710397870.0,1050906442400.0
2023-06-30,009970,437635215890.0,680817089010.0,1118452304900.0
2023-03-31,009970,432952768760.0,579018300990.0,1011971069750.0
2022-12-31,009970,615912903080.0,754444960400.0,1370357863480.0
2023-12-31,003520,20139224910.0,44172751080.0,64311975990.0
2023-09-30,003520,18105944910.0,41263618440.0,59369563350.0
2023-06-30,003520,17234520440.0,39798172670.0,57032693110.0
2023-03-31,003520,16641036910.0,37547190820.0,54188227730.0
2022-12-31,003520,17118558080.0,42449056910.0,59567614990.0
2023-12-31,000670,-91362185050.0,959927833590.0,868565648540.0
2023-09-30,000670,83792833890.0,972862491850.0,1056655325740.0
2023-06-30,000670,-31824342670.0,977645233760.0,945820891090.0
2023-03-31,000670,13445160160.0,877245606740.0,890690766900.0
2022-12-31,000670,-81472796330.0,1130551273650.0,1049078477320.0
2023-09-30,006740,3194401120.0,18931201320.0,22125602440.0
2023-06-30,006740,2476439320.0,19259965960.0,21736405280.0
2023-03-31,006740,2403623950.0,16717690680.0,19121314630.0
2022-12-31,006740,4300891610.0,18963256350.0,23264147960.0
2023-12-31,012280,5454047690.0,71204953870.0,76659001560.0
2023-09-30,012280,3484049830.0,70185354520.0,73669404350.0
2023-06-30,012280,5703482360.0,62353080820.0,68056563180.0
2023-03-31,012280,2047902110.0,71878828640.0,73926730750.0
2022-12-31,012280,4827326580.0,71765820580.0,76593147160.0
2023-09-30,012160,9428708670.0,124451386070.0,133880094740.0
2023-06-30,012160,11291177440.0,121415313830.0,132706491270.0
2023-03-31,012160,5961017730.0,117210773530.0,123171791260.0
2022-12-31,012160,7651819090.0,116590289630.0,124242108720.0
2023-12-31,015360,33507612000.0,389849090000.0,423356702000.0
2023-09-30,015360,41086185000.0,159138345000.0,200224530000.0
2023-06-30,015360,63370759000.0,181222681000.0,244593440000.0
2023-03-31,015360,72943223000.0,489387949000.0,562331172000.0
2022-12-31,015360,21067360000.0,498471683000.0,519539043000.0
2023-09-30,007310,164313340270.0,744392853040.0,908706193310.0
2023-06-30,007310,155743301360.0,698464271460.0,854207572820.0
2023-03-31,007310,145123558600.0,711660928610.0,856784487210.0
2022-12-31,007310,128250213990.0,701798287540.0,830048501530.0
2023-12-31,002630,2490432620.0,5693740550.0,8184173170.0
2023-09-30,002630,2786084210.0,3624606550.0,6410690760.0
2023-06-30,002630,2749744850.0,4272027070.0,7021771920.0
2023-03-31,002630,1948311250.0,4011731750.0,5960043000.0
2022-12-31,002630,2412653840.0,5655932360.0,8068586200.0
2023-12-31,271560,303066591000.0,465300907630.0,768367498630.0
2023-09-30,271560,302881548400.0,463435438300.0,766316986700.0
2023-06-30,271560,271159075670.0,442707855100.0,713866930770.0
2023-03-31,271560,250303781300.0,413502854070.0,663806635370.0
2022-12-31,271560,322761833100.0,528810739260.0,851572572360.0
2023-12-31,001800,300463821000.0,474933954420.0,775397775420.0
2023-09-30,001800,285889767220.0,498802769510.0,784692536730.0
2023-06-30,001800,274643403630.0,442822620110.0,717466023740.0
2023-03-31,001800,255546085730.0,420703844230.0,676249929960.0
2022-12-31,001800,328066027690.0,540456028130.0,868522055820.0
2023-09-30,011690,4869465720.0,34338030930.0,39207496650.0
2023-06-30,011690,3825519210.0,26650362480.0,30475881690.0
2023-03-31,011690,2658881540.0,20668941750.0,23327823290.0
2022-12-31,011690,2507793940.0,22304815230.0,24812609170.0
2023-09-30,070960,12523513660.0,39357879260.0,51881392920.0
2023-06-30,070960,835010300.0,32125101640.0,32960111940.0
2023-03-31,070960,11761093580.0,34319092780.0,46080186360.0
2022-12-31,070960,4653274890.0,38802790970.0,43456065860.0
2023-12-31,006980,22555682930.0,138194695140.0,160750378070.0
2023-09-30,006980,21603600030.0,138274265780.0,159877865810.0
2023-06-30,006980,21653087280.0,136241700220.0,157894787500.0
2023-03-31,006980,17941218400.0,138373844400.0,156315062800.0
2022-12-31,006980,18934858360.0,149930276630.0,168865134990.0
2023-09-30,017370,14557991110.0,50233681240.0,64791672350.0
2023-06-30,017370,7263243470.0,58172430320.0,65435673790.0
2023-03-31,017370,8683863090.0,48463883980.0,57147747070.0
2022-12-31,017370,6630542930.0,49753506760.0,56384049690.0
2023-09-30,105840,8832726030.0,19685725060.0,28518451090.0
2023-06-30,105840,12796188100.0,19853656280.0,32649844380.0
2023-03-31,105840,10742634260.0,21004647130.0,31747281390.0
2022-12-31,105840,10895377390.0,23566029210.0,34461406600.0
2023-09-30,010400,1784976100.0,26100981860.0,27885957960.0
2023-06-30,010400,353681340.0,21676983240.0,22030664580.0
2023-03-31,010400,469431450.0,22872455820.0,23341887270.0
2022-12-31,010400,588594100.0,21834232210.0,22422826310.0
2023-09-30,049800,13112242170.0,37312378390.0,50424620560.0
2023-06-30,049800,16202239390.0,44503303580.0,60705542970.0
2023-03-31,049800,15967555220.0,30798756570.0,46766311790.0
2022-12-31,049800,18999310960.0,40424785170.0,59424096130.0
2023-09-30,016880,125078235040.0,127031882750.0,252110117790.0
2023-06-30,016880,118874721560.0,138290225050.0,257164946610.0
2023-03-31,016880,115987404270.0,141298563830.0,257285968100.0
2022-12-31,016880,118883848600.0,140618245220.0,259502093820.0
2023-09-30,095720,109307136100.0,108783682730.0,218090818830.0
2023-06-30,095720,111624213140.0,111109515010.0,222733728150.0
2023-03-31,095720,111191156980.0,112840282720.0,224031439700.0
2022-12-31,095720,116426310540.0,115021353530.0,231447664070.0
2023-09-30,005820,2744106530.0,16136506790.0,18880613320.0
2023-06-30,005820,2884732110.0,14834230560.0,17718962670.0
2023-03-31,005820,6020059800.0,15858108210.0,21878168010.0
2022-12-31,005820,3119661770.0,16018456200.0,19138117970.0
2023-09-30,010600,3121394420.0,22091079270.0,25212473690.0
2023-06-30,010600,3255865550.0,22877234690.0,26133100240.0
2023-03-31,010600,3725529910.0,22784825990.0,26510355900.0
2022-12-31,010600,4265479810.0,25380043050.0,29645522860.0
2023-09-30,008600,9139122480.0,44628363510.0,53767485990.0
2023-06-30,008600,8825068900.0,48027315750.0,56852384650.0
2023-03-31,008600,6393835070.0,47152426060.0,53546261130.0
2022-12-31,008600,9636060750.0,45543268580.0,55179329330.0
2023-09-30,033270,40679954380.0,29933396710.0,70613351090.0
2023-06-30,033270,41222802230.0,27312333100.0,68535135330.0
2023-03-31,033270,39113903950.0,29684950140.0,68798854090.0
2022-12-31,033270,36554841690.0,32302867120.0,68857708810.0
2023-09-30,014830,32247688410.0,218458793710.0,250706482120.0
2023-06-30,014830,39762285490.0,261386332210.0,301148617700.0
2023-03-31,014830,32295614560.0,302237407990.0,334533022550.0
2022-12-31,014830,-138718800.0,183292483050.0,183153764250.0
2023-09-30,446070,4188758620.0,38480559590.0,42669318210.0
2023-06-30,446070,4119861670.0,38123794940.0,42243656610.0
2023-03-31,446070,4220117720.0,37228396690.0,41448514410.0
2023-09-30,000910,7225126570.0,49082009290.0,56307135860.0
2023-06-30,000910,8653263560.0,50522100480.0,59175364040.0
2023-03-31,000910,5543322680.0,47084879760.0,52628202440.0
2022-12-31,000910,8738524750.0,51984960790.0,60723485540.0
2023-09-30,047400,2988814380.0,27705462460.0,30694276840.0
2023-06-30,047400,2900971060.0,28188251370.0,31089222430.0
2023-03-31,047400,2587897980.0,24955222550.0,27543120530.0
2022-12-31,047400,3198423440.0,27577304380.0,30775727820.0
2023-09-30,011330,4860194680.0,26552390630.0,31412585310.0
2023-06-30,011330,7624188830.0,29815371050.0,37439559880.0
2023-03-31,011330,6014368100.0,26855746400.0,32870114500.0
2022-12-31,011330,3796048700.0,26508432650.0,30304481350.0
2023-09-30,077500,16449634000.0,146188442280.0,162638076280.0
2023-06-30,077500,16555775900.0,141766066960.0,158321842860.0
2023-03-31,077500,17147884770.0,147131057650.0,164278942420.0
2022-12-31,077500,21511005010.0,204971543980.0,226482548990.0
2023-09-30,002920,2864817000.0,75301643850.0,78166460850.0
2023-06-30,002920,7612936330.0,73057403110.0,80670339440.0
2023-03-31,002920,7257144600.0,68693675240.0,75950819840.0
2022-12-31,002920,4076164720.0,71586276110.0,75662440830.0
2023-09-30,000700,21402306150.0,64397035490.0,85799341640.0
2023-06-30,000700,20081851540.0,63750390080.0,83832241620.0
2023-03-31,000700,17974230340.0,61461480960.0,79435711300.0
2022-12-31,000700,21105680730.0,94842298180.0,115947978910.0
2023-09-30,072130,3308667400.0,5818112160.0,9126779560.0
2023-06-30,072130,3427801620.0,5006308000.0,8434109620.0
2023-03-31,072130,2403068600.0,4637771830.0,7040840430.0
2022-12-31,072130,5616440410.0,4722576130.0,10339016540.0
2023-09-30,000220,11204337450.0,22886534870.0,34090872320.0
2023-06-30,000220,12542866050.0,21673533550.0,34216399600.0
2023-03-31,000220,13816466140.0,20477381880.0,34293848020.0
2022-12-31,000220,13693405220.0,21045022710.0,34738427930.0
2023-09-30,000225,11204337450.0,22886534870.0,34090872320.0
2023-06-30,000225,12542866050.0,21673533550.0,34216399600.0
2023-03-31,000225,13816466140.0,20477381880.0,34293848020.0
2022-12-31,000225,13693405220.0,21045022710.0,34738427930.0
2023-09-30,000227,11204337450.0,22886534870.0,34090872320.0
2023-06-30,000227,12542866050.0,21673533550.0,34216399600.0
2023-03-31,000227,13816466140.0,20477381880.0,34293848020.0
2022-12-31,000227,13693405220.0,21045022710.0,34738427930.0
2023-09-30,000100,144493913700.0,338569529980.0,483063443680.0
2023-06-30,000100,152819651050.0,342902825220.0,495722476270.0
2023-03-31,000100,135564503000.0,307483315560.0,443047818560.0
2022-12-31,000100,136169958310.0,314332312900.0,450502271210.0
2023-09-30,000105,144493913700.0,338569529980.0,483063443680.0
2023-06-30,000105,152819651050.0,342902825220.0,495722476270.0
2023-03-31,000105,135564503000.0,307483315560.0,443047818560.0
2022-12-31,000105,136169958310.0,314332312900.0,450502271210.0
2023-09-30,008730,5403422390.0,110333747320.0,115737169710.0
2023-06-30,008730,6919214600.0,111338587100.0,118257801700.0
2023-03-31,008730,9503963210.0,108524636640.0,118028599850.0
2022-12-31,008730,10760054900.0,104655406210.0,115415461110.0
2023-09-30,008250,8503549400.0,69481145910.0,77984695310.0
2023-06-30,008250,12908877470.0,60834430060.0,73743307530.0
2023-03-31,008250,12239925110.0,60198755010.0,72438680120.0
2022-12-31,008250,9084565350.0,75203076880.0,84287642230.0
2023-09-30,025820,4666611620.0,106254733740.0,110921345360.0
2023-06-30,025820,2154810210.0,114324256600.0,116479066810.0
2023-03-31,025820,6005309770.0,104338584600.0,110343894370.0
2022-12-31,025820,5392958400.0,100451053600.0,105844012000.0
2023-09-30,214320,211508205560.0,285974267840.0,497482473400.0
2023-06-30,214320,213385733130.0,283396296810.0,496782029940.0
2023-03-31,214320,177131147870.0,282539034750.0,459670182620.0
2022-12-31,214320,230393982320.0,300597047850.0,530991030170.0
2023-09-30,088260,11092887000.0,11092887000.0
2023-03-31,088260,10903370130.0,10903370130.0
2023-09-30,139480,2233404939580.0,5476241722070.0,7709646661650.0
2023-06-30,139480,2062085725920.0,5209003057620.0,7271088783540.0
2023-03-31,139480,1997433707510.0,5137955655000.0,7135389362510.0
2022-12-31,139480,2032073238500.0,5442099306090.0,7474172544590.0
2023-09-30,457190,4948875760.0,50254262700.0,55203138460.0
2023-06-30,457190,6945432290.0,22573761700.0,29519193990.0
2023-09-30,007660,26820088300.0,139394400050.0,166214488350.0
2023-06-30,007660,28932100580.0,134897761200.0,163829861780.0
2023-03-31,007660,32882953980.0,139093806710.0,171976760690.0
2022-12-31,007660,44225990020.0,121413456500.0,165639446520.0
2023-09-30,005950,14148240430.0,501755388420.0,515903628850.0
2023-06-30,005950,21511055440.0,532135725340.0,553646780780.0
2023-03-31,005950,10704780930.0,533996751380.0,544701532310.0
2022-12-31,005950,27947643480.0,636769390780.0,664717034260.0
2023-09-30,015020,708246810.0,1193806820.0,1902053630.0
2023-06-30,015020,778319520.0,1001116710.0,1779436230.0
2023-03-31,015020,911145940.0,6025120130.0,6936266070.0
2022-12-31,015020,-2244831530.0,4078054440.0,1833222910.0
2023-09-30,093230,2723848520.0,55020008590.0,57743857110.0
2023-06-30,093230,5338465870.0,49805518530.0,55143984400.0
2023-03-31,093230,7814790460.0,69119745040.0,76934535500.0
2022-12-31,093230,5084921110.0,79977057580.0,85061978690.0
2023-09-30,074610,-276266630.0,2993966120.0,2717699490.0
2023-06-30,074610,1058788560.0,10303988740.0,11362777300.0
2023-03-31,074610,965697890.0,7404160440.0,8369858330.0
2022-12-31,074610,4180743180.0,6632212800.0,10812955980.0
2023-09-30,102460,18335127250.0,19107122900.0,37442250150.0
2023-06-30,102460,20401947340.0,17343525280.0,37745472620.0
2023-03-31,102460,20854440900.0,16175807160.0,37030248060.0
2022-12-31,102460,19013832840.0,19352139580.0,38365972420.0
2023-12-31,084680,10450042600.0,18411430590.0,28861473190.0
2023-09-30,084680,8473660250.0,17061961080.0,25535621330.0
2023-06-30,084680,10758507170.0,20292409700.0,31050916870.0
2023-03-31,084680,11070311900.0,18757401670.0,29827713570.0
2022-12-31,084680,14138050420.0,18977672830.0,33115723250.0
2023-09-30,350520,1979005760.0,1979005760.0
2023-03-31,350520,1723563330.0,1723563330.0
2023-09-30,000760,1621414290.0,10284023190.0,11905437480.0
2023-06-30,000760,2880100360.0,9631528630.0,12511628990.0
2023-03-31,000760,2517428660.0,8533757230.0,11051185890.0
2022-12-31,000760,1930092280.0,12434711980.0,14364804260.0
2023-09-30,014990,14582585290.0,13200194950.0,27782780240.0
2023-06-30,014990,19780837970.0,14891035480.0,34671873450.0
2023-03-31,014990,14073871940.0,15595518130.0,29669390070.0
2022-12-31,014990,20701560530.0,15625625660.0,36327186190.0
2023-09-30,101140,394724970.0,926892770.0,1321617740.0
2023-06-30,101140,584738810.0,1437665110.0,2022403920.0
2023-03-31,101140,589045400.0,1503366590.0,2092411990.0
2022-12-31,101140,259364900.0,2219788800.0,2479153700.0
2023-09-30,006490,9303380100.0,14906656200.0,24210036300.0
2023-06-30,006490,20559796900.0,2589356250.0,23149153150.0
2023-03-31,006490,9779682310.0,10685758980.0,20465441290.0
2022-12-31,006490,8057371850.0,13556075010.0,21613446860.0
2023-09-30,023800,24692086500.0,145627059810.0,170319146310.0
2023-06-30,023800,21418101670.0,136161842420.0,157579944090.0
2023-03-31,023800,20777292870.0,124939871360.0,145717164230.0
2022-12-31,023800,24815214340.0,140686988020.0,165502202360.0
2023-12-31,034590,26248227660.0,243330510710.0,269578738370.0
2023-09-30,034590,14794458610.0,103796381190.0,118590839800.0
2023-06-30,034590,15260954360.0,102132183270.0,117393137630.0
2023-03-31,034590,21728942540.0,254045394130.0,275774336670.0
2022-12-31,034590,13959918120.0,248270973840.0,262230891960.0
2023-12-31,129260,8664469780.0,145777293890.0,154441763670.0
2023-09-30,129260,11669509680.0,136178083950.0,147847593630.0
2023-06-30,129260,12884783390.0,142834260270.0,155719043660.0
2023-03-31,129260,15384730220.0,138246302350.0,153631032570.0
2022-12-31,129260,9778769880.0,163860179080.0,173638948960.0
2023-09-30,023810,22731443800.0,111400172010.0,134131615810.0
2023-06-30,023810,19911939450.0,114267471130.0,134179410580.0
2023-03-31,023810,23169669190.0,113967403810.0,137137073000.0
2022-12-31,023810,22847179690.0,121874905440.0,144722085130.0
2023-12-31,249420,54234603620.0,96849657140.0,151084260760.0
2023-09-30,249420,49826691010.0,99703955070.0,149530646080.0
2023-06-30,249420,55680298080.0,98405011880.0,154085309960.0
2023-03-31,249420,54104402170.0,91953220630.0,146057622800.0
2022-12-31,249420,55106064460.0,96828080440.0,151934144900.0
2023-12-31,000230,53580932580.0,105002500260.0,158583432840.0
2023-09-30,000230,48097860710.0,111959848550.0,160057709260.0
2023-06-30,000230,55220471760.0,110530957550.0,165751429310.0
2023-03-31,000230,55338541290.0,98716404980.0,154054946270.0
2022-12-31,000230,56049873230.0,105366751280.0,161416624510.0
2023-09-30,013360,5768896210.0,143259529380.0,149028425590.0
2023-06-30,013360,7100312840.0,154895028010.0,161995340850.0
2023-03-31,013360,7191745150.0,125996397000.0,133188142150.0
2022-12-31,013360,10513287250.0,129661701050.0,140174988300.0
2023-12-31,003120,9008263100.0,13013194910.0,22021458010.0
2023-09-30,003120,7518095940.0,10556050510.0,18074146450.0
2023-06-30,003120,10785663040.0,9242351680.0,20028014720.0
2023-03-31,003120,8774422680.0,9155190260.0,17929612940.0
2022-12-31,003120,8393484050.0,8753725120.0,17147209170.0
2023-09-30,003200,17206179410.0,112531919730.0,129738099140.0
2023-06-30,003200,10680600600.0,124306034630.0,134986635230.0
2023-03-31,003200,23120682050.0,113724348550.0,136845030600.0
2022-12-31,003200,-23207354940.0,165414752320.0,142207397380.0
2023-09-30,007110,2768554930.0,13598736490.0,16367291420.0
2023-06-30,007110,2533880910.0,19811462000.0,22345342910.0
2023-03-31,007110,3627143730.0,38293917980.0,41921061710.0
2022-12-31,007110,4943442420.0,44718626760.0,49662069180.0
2023-09-30,007570,52716976870.0,47913618520.0,100630595390.0
2023-06-30,007570,50339179550.0,35020080010.0,85359259560.0
2023-03-31,007570,42219065610.0,38102504630.0,80321570240.0
2022-12-31,007570,53899779100.0,47220898490.0,101120677590.0
2023-09-30,007575,52716976870.0,47913618520.0,100630595390.0
2023-06-30,007575,50339179550.0,35020080010.0,85359259560.0
2023-03-31,007575,42219065610.0,38102504630.0,80321570240.0
2022-12-31,007575,53899779100.0,47220898490.0,101120677590.0
2023-09-30,008500,1722560110.0,6518085650.0,8240645760.0
2023-06-30,008500,-745065250.0,8100862600.0,7355797350.0
2023-03-31,008500,557699300.0,6903047820.0,7460747120.0
2022-12-31,008500,-1068998930.0,9577358010.0,8508359080.0
2023-12-31,081000,6212873330.0,31263386090.0,37476259420.0
2023-09-30,081000,8061886750.0,30974362810.0,39036249560.0
2023-06-30,081000,7045867830.0,28603004830.0,35648872660.0
2023-03-31,081000,9955732010.0,32340756850.0,42296488860.0
2022-12-31,081000,9037630770.0,40538852290.0,49576483060.0
2023-09-30,020760,247544790.0,16063147300.0,16310692090.0
2023-06-30,020760,-1790747920.0,9176273290.0,7385525370.0
2023-03-31,020760,-1691369500.0,11939526670.0,10248157170.0
2022-12-31,020760,715290040.0,19556939800.0,20272229840.0
2023-12-31,103590,29566759030.0,326953743750.0,356520502780.0
2023-09-30,103590,28070521520.0,257463904870.0,285534426390.0
2023-06-30,103590,29719899870.0,274288656740.0,304008556610.0
2023-03-31,103590,29971633550.0,270696527850.0,300668161400.0
2022-12-31,103590,31236194260.0,277689393350.0,308925587610.0
2023-12-31,271940,1361523900.0,17889115680.0,19250639580.0
2023-09-30,271940,2242844530.0,17971649450.0,20214493980.0
2023-06-30,271940,667713420.0,13748281640.0,14415995060.0
2023-03-31,271940,5412435120.0,19446594960.0,24859030080.0
2022-12-31,271940,4898978640.0,25095780330.0,29994758970.0
2023-12-31,015860,45842836190.0,366036335800.0,411879171990.0
2023-09-30,015860,45151281000.0,295980761080.0,341132042080.0
2023-06-30,015860,47344103130.0,312034665170.0,359378768300.0
2023-03-31,015860,48683751260.0,310822288970.0,359506040230.0
2022-12-31,015860,52148915700.0,328768399180.0,380917314880.0
2023-09-30,226320,18174682040.0,14931094790.0,33105776830.0
2023-06-30,226320,20730384250.0,14469861400.0,35200245650.0
2023-03-31,226320,19503620170.0,16279146030.0,35782766200.0
2022-12-31,226320,18136677820.0,14554702650.0,32691380470.0
2023-09-30,317400,40520636420.0,472145395680.0,512666032100.0
2023-06-30,317400,57278840470.0,557812789290.0,615091629760.0
2023-03-31,317400,88471080040.0,678653663400.0,767124743440.0
2022-12-31,317400,98989858300.0,789162005960.0,888151864260.0
2023-09-30,033240,11563382650.0,95674566930.0,107237949580.0
2023-06-30,033240,11451698600.0,72131979780.0,83583678380.0
2023-03-31,033240,12631075330.0,82275656460.0,94906731790.0
2022-12-31,033240,17647792780.0,67297488910.0,84945281690.0
2023-12-31,000950,-4326580600.0,22594409010.0,18267828410.0
2023-09-30,000950,-6034080370.0,36795706120.0,30761625750.0
2023-06-30,000950,-6576658710.0,32208344590.0,25631685880.0
2023-03-31,000950,-9009657470.0,29120928060.0,20111270590.0
2022-12-31,000950,-30235992870.0,71323775850.0,41087782980.0
2023-09-30,348950,29565970730.0,29565970730.0
2023-03-31,348950,27800722760.0,27800722760.0
2023-09-30,194370,54527085740.0,213937017720.0,268464103460.0
2023-06-30,194370,41638061940.0,165962022710.0,207600084650.0
2023-03-31,194370,28524955090.0,138837060410.0,167362015500.0
2022-12-31,194370,40988527470.0,141079584180.0,182068111650.0
2023-09-30,025620,1531120410.0,2607107940.0,4138228350.0
2023-06-30,025620,3089765500.0,2499254450.0,5589019950.0
2023-03-31,025620,278344640.0,1403785960.0,1682130600.0
2022-12-31,025620,-382309930.0,1505298510.0,1122988580.0
2023-12-31,030000,429207180330.0,717756952370.0,1146964132700.0
2023-09-30,030000,400908066760.0,677402169700.0,1078310236460.0
2023-06-30,030000,424695107790.0,546704690480.0,971399798270.0
2023-03-31,030000,364127590860.0,577473037740.0,941600628600.0
2022-12-31,030000,412965817770.0,791365578110.0,1204331395880.0
2023-12-31,271980,44242960510.0,135425086870.0,179668047380.0
2023-09-30,271980,40241251730.0,136964389780.0,177205641510.0
2023-06-30,271980,41726362260.0,136743411740.0,178469774000.0
2023-03-31,271980,58045318000.0,133004977140.0,191050295140.0
2022-12-31,271980,36723693090.0,134718884180.0,171442577270.0
2023-09-30,001560,5159145700.0,15887251900.0,21046397600.0
2023-06-30,001560,5265910860.0,17763161480.0,23029072340.0
2023-03-31,001560,4670310070.0,14640093490.0,19310403560.0
2022-12-31,001560,4486195700.0,17352199920.0,21838395620.0
2023-12-31,002620,55048534660.0,147882637750.0,202931172410.0
2023-09-30,002620,47033638990.0,147732118470.0,194765757460.0
2023-06-30,002620,50438617870.0,148904260280.0,199342878150.0
2023-03-31,002620,62063599420.0,144939594280.0,207003193700.0
2022-12-31,002620,42337653100.0,147064223680.0,189401876780.0
2023-09-30,089590,91677306500.0,351691941030.0,443369247530.0
2023-06-30,089590,65937212810.0,307978822180.0,373916034990.0
2023-03-31,089590,111263978660.0,313602950490.0,424866929150.0
2022-12-31,089590,53652518830.0,245772930540.0,299425449370.0
2023-09-30,004910,12979676720.0,51909582180.0,64889258900.0
2023-06-30,004910,12021528170.0,53891809040.0,65913337210.0
2023-03-31,004910,9546491280.0,51433904800.0,60980396080.0
2022-12-31,004910,9100279830.0,56244693350.0,65344973180.0
2023-09-30,004700,5987372150.0,24920222580.0,30907594730.0
2023-06-30,004700,4363478210.0,29308998510.0,33672476720.0
2023-03-31,004700,4855564700.0,31658414610.0,36513979310.0
2022-12-31,004700,4605221620.0,33323008380.0,37928230000.0
2023-09-30,001550,153233310.0,12409349420.0,12562582730.0
2023-06-30,001550,5549030410.0,39954984120.0,45504014530.0
2023-03-31,001550,3064044790.0,36282282790.0,39346327580.0
2022-12-31,001550,1727054930.0,27217461780.0,28944516710.0
2023-12-31,462520,38842261760.0,117316931260.0,156159193020.0
2023-09-30,462520,19268442730.0,103939272540.0,123207715270.0
2023-09-30,120030,3717734220.0,11450395780.0,15168130000.0
2023-06-30,120030,4629915930.0,13337617930.0,17967533860.0
2023-03-31,120030,3684831060.0,12412521550.0,16097352610.0
2022-12-31,120030,4861148000.0,13169572780.0,18030720780.0
2023-12-31,018470,9479382750.0,115822801750.0,125302184500.0
2023-09-30,018470,4548826450.0,111037381100.0,115586207550.0
2023-06-30,018470,2945197940.0,106667275880.0,109612473820.0
2023-03-31,018470,4144875450.0,111138114010.0,115282989460.0
2022-12-31,018470,-5350858380.0,132476004010.0,127125145630.0
2023-12-31,002600,12498368880.0,87887696080.0,100386064960.0
2023-09-30,002600,11196510320.0,88729235510.0,99925745830.0
2023-06-30,002600,9171297160.0,95541666150.0,104712963310.0
2023-03-31,002600,7896987740.0,93023847590.0,100920835330.0
2022-12-31,002600,6875656600.0,89447198710.0,96322855310.0
2023-09-30,185750,149824243320.0,253782249380.0,403606492700.0
2023-06-30,185750,144349287280.0,251656479060.0,396005766340.0
2023-03-31,185750,135477139760.0,229703992460.0,365181132220.0
2022-12-31,185750,142422635240.0,254635043260.0,397057678500.0
2023-09-30,063160,2519405300.0,39823470280.0,42342875580.0
2023-06-30,063160,1568447440.0,37411825040.0,38980272480.0
2023-03-31,063160,3083600310.0,40613040350.0,43696640660.0
2022-12-31,063160,-221938650.0,35136721400.0,34914782750.0
2023-09-30,001630,95758370430.0,127272922280.0,223031292710.0
2023-06-30,001630,96392624050.0,121146462330.0,217539086380.0
2023-03-31,001630,91637346610.0,122951022700.0,214588369310.0
2022-12-31,001630,91786310770.0,126728502200.0,218514812970.0
2023-09-30,109070,1266010180.0,4552106780.0,5818116960.0
2023-06-30,109070,1138283960.0,5856250670.0,6994534630.0
2023-03-31,109070,1721767310.0,6532193820.0,8253961130.0
2022-12-31,109070,-246489470.0,4093041090.0,3846551620.0
2023-09-30,044380,595263990.0,8376467360.0,8971731350.0
2023-06-30,044380,270424270.0,9049822870.0,9320247140.0
2023-03-31,044380,1750768000.0,10509675630.0,12260443630.0
2022-12-31,044380,-949282790.0,16591129230.0,15641846440.0
2023-12-31,013890,72826194720.0,209330785380.0,282156980100.0
2023-09-30,013890,70618724290.0,150861660670.0,221480384960.0
2023-06-30,013890,73315204430.0,146224083330.0,219539287760.0
2023-03-31,013890,76701223270.0,152405050040.0,229106273310.0
2022-12-31,013890,97325049660.0,221118897190.0,318443946850.0
2023-09-30,013870,26816967410.0,146223858360.0,173040825770.0
2023-06-30,013870,28074615420.0,151671979910.0,179746595330.0
2023-03-31,013870,23111019420.0,140606718830.0,163717738250.0
2022-12-31,013870,25620510880.0,139734797250.0,165355308130.0
2023-09-30,071320,-21179602010.0,628516289750.0,607336687740.0
2023-06-30,071320,-23562413520.0,671986765880.0,648424352360.0
2023-03-31,071320,-64153578520.0,1723619494270.0,1659465915750.0
2022-12-31,071320,-91594271300.0,1627517326650.0,1535923055350.0
2023-09-30,088790,4335951500.0,4858817600.0,9194769100.0
2023-06-30,088790,1949655070.0,3146316070.0,5095971140.0
2023-03-31,088790,7289757470.0,9747410870.0,17037168340.0
2022-12-31,088790,12898672030.0,14122087020.0,27020759050.0
2023-12-31,003780,3576321380.0,17266957700.0,20843279080.0
2023-09-30,003780,5050796290.0,17774182960.0,22824979250.0
2023-06-30,003780,4913039880.0,18014881650.0,22927921530.0
2023-03-31,003780,3575160440.0,16700191270.0,20275351710.0
2022-12-31,003780,3288473650.0,18145484370.0,21433958020.0
2023-12-31,010640,2413273830.0,11247710040.0,13660983870.0
2023-09-30,010640,2584195550.0,11126460530.0,13710656080.0
2023-06-30,010640,2275704480.0,11189157190.0,13464861670.0
2023-03-31,010640,2132689100.0,11542959380.0,13675648480.0
2022-12-31,010640,1493892730.0,10413403840.0,11907296570.0
2023-09-30,100250,8988709810.0,56878790110.0,65867499920.0
2023-06-30,100250,10589153450.0,58641586350.0,69230739800.0
2023-03-31,100250,8303104900.0,53748955770.0,62052060670.0
2022-12-31,100250,7875634150.0,50256674650.0,58132308800.0
2023-12-31,051630,449909460.0,6832123620.0,7282033080.0
2023-09-30,051630,227104550.0,5815255330.0,6042359880.0
2023-06-30,051630,1156317600.0,6770859450.0,7927177050.0
2023-03-31,051630,863208390.0,6166629110.0,7029837500.0
2022-12-31,051630,989958590.0,6526409600.0,7516368190.0
2023-12-31,272450,73055110690.0,270142188270.0,343197298960.0
2023-09-30,272450,58044653680.0,264417085610.0,322461739290.0
2023-06-30,272450,40645275520.0,218375498780.0,259020774300.0
2023-03-31,272450,107857806130.0,244684203290.0,352542009420.0
2022-12-31,272450,30767359320.0,194249481320.0,225016840640.0
2023-09-30,011000,-1274515180.0,13000487840.0,11725972660.0
2023-06-30,011000,-3908640670.0,12237040910.0,8328400240.0
2023-03-31,011000,-1572086260.0,8966056470.0,7393970210.0
2022-12-31,011000,-2407948260.0,12253360670.0,9845412410.0
2023-09-30,002780,22612321750.0,179925894210.0,202538215960.0
2023-06-30,002780,18979937760.0,153755986930.0,172735924690.0
2023-03-31,002780,16081357560.0,136171203050.0,152252560610.0
2022-12-31,002780,24195364700.0,172853021700.0,197048386400.0
2023-09-30,002787,22612321750.0,179925894210.0,202538215960.0
2023-06-30,002787,18979937760.0,153755986930.0,172735924690.0
2023-03-31,002787,16081357560.0,136171203050.0,152252560610.0
2022-12-31,002787,24195364700.0,172853021700.0,197048386400.0
2023-09-30,002785,22612321750.0,179925894210.0,202538215960.0
2023-06-30,002785,18979937760.0,153755986930.0,172735924690.0
2023-03-31,002785,16081357560.0,136171203050.0,152252560610.0
2022-12-31,002785,24195364700.0,172853021700.0,197048386400.0
2023-09-30,009310,-1131740960.0,19047472310.0,17915731350.0
2023-06-30,009310,-2024663520.0,21395770810.0,19371107290.0
2023-03-31,009310,3337648750.0,16756858760.0,20094507510.0
2022-12-31,009310,15453756560.0,56097767760.0,71551524320.0
2023-09-30,000650,369462770.0,10942040750.0,11311503520.0
2023-06-30,000650,1130335380.0,9626752410.0,10757087790.0
2023-03-31,000650,112093210.0,10305579540.0,10417672750.0
2022-12-31,000650,653179760.0,10196420730.0,10849600490.0
2023-09-30,012600,1367713340.0,3486131510.0,4853844850.0
2023-06-30,012600,1056205880.0,3151769710.0,4207975590.0
2023-03-31,012600,1045199480.0,3660997480.0,4706196960.0
2022-12-31,012600,-88141480.0,8663712300.0,8575570820.0
2023-09-30,033250,2728344350.0,15913210200.0,18641554550.0
2023-06-30,033250,4026994820.0,16367098590.0,20394093410.0
2023-03-31,033250,1737163170.0,11894652770.0,13631815940.0
2022-12-31,033250,656728590.0,12825774150.0,13482502740.0
2023-09-30,035720,2017625688170.0,143305666000.0,2160931354170.0
2023-06-30,035720,1906827934590.0,135647669000.0,2042475603590.0
2023-03-31,035720,1599613456650.0,140723902000.0,1740337358650.0
2022-12-31,035720,1638702511110.0,135419684000.0,1774122195110.0
2023-12-31,377300,166139340370.0,166139340370.0
2023-09-30,377300,158899104800.0,158899104800.0
2023-06-30,377300,148860078740.0,148860078740.0
2023-03-31,377300,141464310490.0,141464310490.0
2022-12-31,377300,122855451910.0,122855451910.0
2023-09-30,006380,-6229249770.0,10033402410.0,3804152640.0
2023-06-30,006380,-5738395410.0,24357323730.0,18618928320.0
2023-03-31,006380,-12398608690.0,60491463410.0,48092854720.0
2022-12-31,006380,-30678043790.0,83433811520.0,52755767730.0
2023-09-30,001620,14791927400.0,134332691230.0,149124618630.0
2023-06-30,001620,16610211230.0,155173734860.0,171783946090.0
2023-03-31,001620,12704318210.0,152271114260.0,164975432470.0
2022-12-31,001620,34694949130.0,148747264610.0,183442213740.0
2023-09-30,029460,46890671320.0,143405337690.0,190296009010.0
2023-06-30,029460,33132507430.0,122961538800.0,156094046230.0
2023-03-31,029460,36072689040.0,147761820190.0,183834509230.0
2022-12-31,029460,39230775630.0,185182167350.0,224412942980.0
2023-09-30,281820,29713913710.0,54506124380.0,84220038090.0
2023-06-30,281820,23907278190.0,44885165930.0,68792444120.0
2023-03-31,281820,17875970280.0,44667686850.0,62543657130.0
2022-12-31,281820,26133281940.0,73381177770.0,99514459710.0
2023-09-30,381970,57116519090.0,471470611800.0,528587130890.0
2023-06-30,381970,57699355060.0,447998469840.0,505697824900.0
2023-03-31,381970,52355234000.0,465319649610.0,517674883610.0
2022-12-31,381970,45710610760.0,410516573080.0,456227183840.0
2023-12-31,145270,17005337890.0,17005337890.0
2023-09-30,145270,3294069750.0,3294069750.0
2023-06-30,145270,3390369010.0,3390369010.0
2023-03-31,145270,3203298740.0,3203298740.0
2022-12-31,145270,12208383010.0,12208383010.0
2023-02-28,357120,15824647620.0,15824647620.0
2023-09-30,007815,16240438820.0,334073369380.0,350313808200.0
2023-06-30,007815,13745181480.0,319008153850.0,332753335330.0
2023-03-31,007815,6797510950.0,329898241070.0,336695752020.0
2022-12-31,007815,11737106930.0,342688507180.0,354425614110.0
2023-09-30,007810,16240438820.0,334073369380.0,350313808200.0
2023-06-30,007810,13745181480.0,319008153850.0,332753335330.0
2023-03-31,007810,6797510950.0,329898241070.0,336695752020.0
2022-12-31,007810,11737106930.0,342688507180.0,354425614110.0
2023-09-30,00781K,16240438820.0,334073369380.0,350313808200.0
2023-06-30,00781K,13745181480.0,319008153850.0,332753335330.0
2023-03-31,00781K,6797510950.0,329898241070.0,336695752020.0
2022-12-31,00781K,11737106930.0,342688507180.0,354425614110.0
2023-09-30,192820,78136200450.0,380130594800.0,458266795250.0
2023-06-30,192820,82975316450.0,396290229680.0,479265546130.0
2023-03-31,192820,55525912750.0,347734962560.0,403260875310.0
2022-12-31,192820,38409536060.0,362071482790.0,400481018850.0
2023-09-30,044820,31116567790.0,136417331910.0,167533899700.0
2023-06-30,044820,28464687870.0,127163504390.0,155628192260.0
2023-03-31,044820,23434813900.0,126147212620.0,149582026520.0
2022-12-31,044820,16418982670.0,128198913290.0,144617895960.0
2023-12-31,005070,13591766460.0,75163215800.0,88754982260.0
2023-09-30,005070,15088254290.0,139135148160.0,154223402450.0
2023-06-30,005070,16176412840.0,179887245790.0,196063658630.0
2023-03-31,005070,13349358320.0,177187371420.0,190536729740.0
2022-12-31,005070,7893883560.0,133926342260.0,141820225820.0
2023-09-30,005420,16066882750.0,178776420720.0,194843303470.0
2023-06-30,005420,16114583780.0,224549189560.0,240663773340.0
2023-03-31,005420,13507981900.0,220684060000.0,234192041900.0
2022-12-31,005420,11902407700.0,177987842700.0,189890250400.0
2023-09-30,071950,4795934830.0,10768148570.0,15564083400.0
2023-06-30,071950,3367657870.0,10848696000.0,14216353870.0
2023-03-31,071950,7251388240.0,15378763140.0,22630151380.0
2022-12-31,071950,5198519960.0,19342814100.0,24541334060.0
2023-09-30,002020,126807043290.0,1306194105450.0,1433001148740.0
2023-06-30,002020,144604598790.0,1375928765100.0,1520533363890.0
2023-03-31,002020,138625478780.0,1190816596680.0,1329442075460.0
2022-12-31,002020,158598775580.0,1411505365540.0,1570104141120.0
2023-09-30,003070,53065030920.0,570924447500.0,623989478420.0
2023-06-30,003070,52984147430.0,662510269520.0,715494416950.0
2023-03-31,003070,56283884800.0,530329051710.0,586612936510.0
2022-12-31,003070,-93196010470.0,-871417992920.0,-964614003390.0
2023-09-30,003075,53065030920.0,570924447500.0,623989478420.0
2023-06-30,003075,52984147430.0,662510269520.0,715494416950.0
2023-03-31,003075,56283884800.0,530329051710.0,586612936510.0
2022-12-31,003075,-93196010470.0,-871417992920.0,-964614003390.0
2023-09-30,450140,49644399600.0,549889363870.0,599533763470.0
2023-06-30,450140,55352146440.0,556202572770.0,611554719210.0
2023-03-31,450140,47366676680.0,491204535780.0,538571212460.0
2023-09-30,45014K,49644399600.0,549889363870.0,599533763470.0
2023-06-30,45014K,55352146440.0,556202572770.0,611554719210.0
2023-03-31,45014K,47366676680.0,491204535780.0,538571212460.0
2023-09-30,002025,126807043290.0,1306194105450.0,1433001148740.0
2023-06-30,002025,144604598790.0,1375928765100.0,1520533363890.0
2023-03-31,002025,138625478780.0,1190816596680.0,1329442075460.0
2022-12-31,002025,158598775580.0,1411505365540.0,1570104141120.0
2023-09-30,120110,284614002890.0,898731826650.0,1183345829540.0
2023-06-30,120110,359758567670.0,987461216820.0,1347219784490.0
2023-03-31,120110,301721694240.0,927468834580.0,1229190528820.0
2022-12-31,120110,389517250620.0,1056109343080.0,1445626593700.0
2023-09-30,120115,284614002890.0,898731826650.0,1183345829540.0
2023-06-30,120115,359758567670.0,987461216820.0,1347219784490.0
2023-03-31,120115,301721694240.0,927468834580.0,1229190528820.0
2022-12-31,120115,389517250620.0,1056109343080.0,1445626593700.0
2023-09-30,138490,19387478300.0,93024541150.0,112412019450.0
2023-06-30,138490,20289929630.0,95966582170.0,116256511800.0
2023-03-31,138490,22420704140.0,99353053270.0,121773757410.0
2022-12-31,138490,20678760210.0,109331437320.0,130010197530.0
2023-12-31,021240,654728899350.0,349654313290.0,1004383212640.0
2023-09-30,021240,658697389320.0,348976228060.0,1007673617380.0
2023-06-30,021240,645949244940.0,360219361450.0,1006168606390.0
2023-03-31,021240,612104424220.0,336189861290.0,948294285510.0
2022-12-31,021240,647562332220.0,332654754200.0,980217086420.0
2023-09-30,036420,81501011460.0,187537296390.0,269038307850.0
2023-06-30,036420,79990478630.0,199394902560.0,279385381190.0
2023-03-31,036420,43651519450.0,143475657760.0,187127177210.0
2022-12-31,036420,55529226510.0,190501876650.0,246031103160.0
2023-09-30,031820,27310226940.0,210808091080.0,238118318020.0
2023-06-30,031820,24349479570.0,168916113540.0,193265593110.0
2023-03-31,031820,21931465140.0,175351232290.0,197282697430.0
2022-12-31,031820,48647882090.0,241904623410.0,290552505500.0
2023-09-30,192400,73288369590.0,117198881290.0,190487250880.0
2023-06-30,192400,64594565410.0,109562902120.0,174157467530.0
2023-03-31,192400,70808538280.0,121052675220.0,191861213500.0
2022-12-31,192400,78111803490.0,116997726790.0,195109530280.0
2023-09-30,284740,136327163840.0,104383301250.0,240710465090.0
2023-06-30,284740,151422637310.0,90775117020.0,242197754330.0
2023-03-31,284740,142194421790.0,83965785330.0,226160207120.0
2022-12-31,284740,102373916490.0,98612554580.0,200986471070.0
2023-09-30,264900,36940055240.0,71419027840.0,108359083080.0
2023-06-30,264900,37155384260.0,72471848510.0,109627232770.0
2023-03-31,264900,35510460900.0,72303266500.0,107813727400.0
2022-12-31,264900,33849584370.0,75366548680.0,109216133050.0
2023-09-30,26490K,36940055240.0,71419027840.0,108359083080.0
2023-06-30,26490K,37155384260.0,72471848510.0,109627232770.0
2023-03-31,26490K,35510460900.0,72303266500.0,107813727400.0
2022-12-31,26490K,33849584370.0,75366548680.0,109216133050.0
2023-09-30,005740,85280848220.0,171691890170.0,256972738390.0
2023-06-30,005740,85955245090.0,171877810970.0,257833056060.0
2023-03-31,005740,81031404110.0,172772305220.0,253803709330.0
2022-12-31,005740,77443490350.0,179473271220.0,256916761570.0
2023-09-30,005745,85280848220.0,171691890170.0,256972738390.0
2023-06-30,005745,85955245090.0,171877810970.0,257833056060.0
2023-03-31,005745,81031404110.0,172772305220.0,253803709330.0
2022-12-31,005745,77443490350.0,179473271220.0,256916761570.0
2023-12-31,259960,534554168780.0,534554168780.0
2023-09-30,259960,450273957740.0,450273957740.0
2023-06-30,259960,387050504100.0,387050504100.0
2023-03-31,259960,538697549660.0,538697549660.0
2022-12-31,259960,623028527300.0,473585883300.0
2023-09-30,020120,16512845810.0,26001422500.0,42514268310.0
2023-06-30,020120,16153549020.0,23954893030.0,40108442050.0
2023-03-31,020120,15822647600.0,26566198560.0,42388846160.0
2022-12-31,020120,13325818890.0,24996258790.0,38322077680.0
2023-09-30,014580,22424403900.0,57059554560.0,79483958460.0
2023-06-30,014580,23999719290.0,49994523210.0,73994242500.0
2023-03-31,014580,20573307480.0,52656653210.0,73229960690.0
2022-12-31,014580,17282893230.0,58357495010.0,75640388240.0
2023-09-30,015890,35221053760.0,131399055180.0,166620108940.0
2023-06-30,015890,40967287220.0,125235183450.0,166202470670.0
2023-03-31,015890,36691087950.0,130115968580.0,166807056530.0
2022-12-31,015890,34137230010.0,136012273080.0,170149503090.0
2023-12-31,006890,6580854870.0,10379358370.0,16960213240.0
2023-09-30,006890,9746673510.0,9724735730.0,19471409240.0
2023-06-30,006890,8714005590.0,9802982770.0,18516988360.0
2023-03-31,006890,6582956080.0,9216654250.0,15799610330.0
2022-12-31,006890,6539036620.0,9267041640.0,15806078260.0
2023-09-30,003240,45233312240.0,544866879210.0,590100191450.0
2023-06-30,003240,34285340700.0,553244971770.0,587530312470.0
2023-03-31,003240,26088784340.0,562073306280.0,588162090620.0
2022-12-31,003240,-29006214580.0,648372939660.0,619366725080.0
2023-12-31,011280,24724104590.0,154492594970.0,179216699560.0
2023-09-30,011280,26473762870.0,151400917220.0,177874680090.0
2023-06-30,011280,28588892910.0,152494538760.0,181083431670.0
2023-03-31,011280,25980101490.0,155442853770.0,181422955260.0
2022-12-31,011280,27121188240.0,163348925110.0,190470113350.0
2023-09-30,004100,22215977580.0,131796495050.0,154012472630.0
2023-06-30,004100,24611655290.0,129435099050.0,154046754340.0
2023-03-31,004100,14564898260.0,139978711670.0,154543609930.0
2022-12-31,004100,19854071730.0,139729101150.0,159583172880.0
2023-09-30,004105,22215977580.0,131796495050.0,154012472630.0
2023-06-30,004105,24611655290.0,129435099050.0,154046754340.0
2023-03-31,004105,14564898260.0,139978711670.0,154543609930.0
2022-12-31,004105,19854071730.0,139729101150.0,159583172880.0
2023-09-30,009410,62367254910.0,683691609320.0,746058864230.0
2023-06-30,009410,98170221430.0,820606973300.0,918777194730.0
2023-03-31,009410,64664108380.0,659583065160.0,724247173540.0
2022-12-31,009410,105818794080.0,694724474820.0,800543268900.0
2023-09-30,009415,62367254910.0,683691609320.0,746058864230.0
2023-06-30,009415,98170221430.0,820606973300.0,918777194730.0
2023-03-31,009415,64664108380.0,659583065160.0,724247173540.0
2022-12-31,009415,105818794080.0,694724474820.0,800543268900.0
2023-12-31,001420,60519080.0,2242076670.0,2302595750.0
2023-09-30,001420,-6846270.0,2081468020.0,2074621750.0
2023-06-30,001420,181169970.0,2425687160.0,2606857130.0
2023-03-31,001420,71524160.0,2156715620.0,2228239780.0
2022-12-31,001420,104602970.0,2286830410.0,2391433380.0
2023-09-30,007980,57303334410.0,248944355370.0,306247689780.0
2023-06-30,007980,35136629890.0,180002397920.0,215139027810.0
2023-03-31,007980,35792367670.0,177362433240.0,213154800910.0
2022-12-31,007980,34500240600.0,185859185180.0,220359425780.0
2023-09-30,055490,5823175140.0,29917588790.0,35740763930.0
2023-06-30,055490,6735296980.0,31961319700.0,38696616680.0
2023-03-31,055490,6624990530.0,29711864190.0,36336854720.0
2022-12-31,055490,5340913780.0,34797363570.0,40138277350.0
2023-09-30,078000,3470998350.0,6386427800.0,9857426150.0
2023-06-30,078000,5962484680.0,4393777340.0,10356262020.0
2023-03-31,078000,1880790570.0,3704125770.0,5584916340.0
2022-12-31,078000,11761858310.0,11441929530.0,23203787840.0
2023-09-30,214420,18655426600.0,18153624250.0,36809050850.0
2023-06-30,214420,18991410840.0,17282709390.0,36274120230.0
2023-03-31,214420,16272116610.0,14934160820.0,31206277430.0
2022-12-31,214420,15766176920.0,18858169200.0,34624346120.0
2023-09-30,019180,20346677070.0,117523177930.0,137869855000.0
2023-06-30,019180,22434455000.0,123208721000.0,145643176000.0
2023-03-31,019180,18185892910.0,115922481280.0,134108374190.0
2022-12-31,019180,24296084890.0,113887777680.0,138183862570.0
2023-09-30,363280,26541039110.0,71601649940.0,98142689050.0
2023-06-30,363280,19147013880.0,79365307610.0,98512321490.0
2023-03-31,363280,10506627370.0,46800167680.0,57306795050.0
2022-12-31,363280,23712394230.0,74338606540.0,98051000770.0
2023-09-30,36328K,26541039110.0,71601649940.0,98142689050.0
2023-06-30,36328K,19147013880.0,79365307610.0,98512321490.0
2023-03-31,36328K,10506627370.0,46800167680.0,57306795050.0
2022-12-31,36328K,23712394230.0,74338606540.0,98051000770.0
2023-09-30,091810,63673049670.0,281388201780.0,345061251450.0
2023-06-30,091810,44226034900.0,241801394600.0,286027429500.0
2023-03-31,091810,107001730110.0,251692955520.0,358694685630.0
2022-12-31,091810,17476990440.0,196501213940.0,213978204380.0
2023-09-30,004870,-40890100.0,1313661100.0,1272771000.0
2023-06-30,004870,102565310.0,2347875590.0,2450440900.0
2023-03-31,004870,303154800.0,2770001600.0,3073156400.0
2022-12-31,004870,251778280.0,2383412020.0,2635190300.0
2023-09-30,005690,3536985350.0,8630767610.0,12167752960.0
2023-06-30,005690,4324124880.0,13418525480.0,17742650360.0
2023-03-31,005690,3893803710.0,9211746390.0,13105550100.0
2022-12-31,005690,4083478450.0,7846687860.0,11930166310.0
2023-09-30,036580,56080999100.0,401126479640.0,457207478740.0
2023-06-30,036580,49977569580.0,427210158710.0,477187728290.0
2023-03-31,036580,54052249710.0,416628221630.0,470680471340.0
2022-12-31,036580,37697567170.0,487229033640.0,524926600810.0
2023-09-30,004720,23888110010.0,17260961550.0,41149071560.0
2023-06-30,004720,24875029920.0,16618754160.0,41493784080.0
2023-03-31,004720,21823309160.0,15773798710.0,37597107870.0
2022-12-31,004720,21735291780.0,17172675520.0,38907967300.0
2023-12-31,028670,104991000000.0,923209000000.0,1028200000000.0
2023-09-30,028670,104405000000.0,1007192000000.0,1111597000000.0
2023-06-30,028670,153266000000.0,1071480000000.0,1224746000000.0
2023-03-31,028670,137166000000.0,859273000000.0,996439000000.0
2022-12-31,028670,192672000000.0,1228042000000.0,1420714000000.0
2023-09-30,010820,2265968550.0,35868819440.0,38134787990.0
2023-06-30,010820,2900312270.0,35160804230.0,38061116500.0
2023-03-31,010820,1844278170.0,35344570450.0,37188848620.0
2022-12-31,010820,5763499650.0,49357771960.0,55121271610.0
2023-09-30,016800,27317809880.0,56853026590.0,84170836470.0
2023-06-30,016800,28062609220.0,61764375270.0,89826984490.0
2023-03-31,016800,26500076730.0,69246612080.0,95746688810.0
2022-12-31,016800,23960494740.0,69497157280.0,93457652020.0
2023-09-30,001020,20219247360.0,69366735040.0,89585982400.0
2023-06-30,001020,19564369210.0,84510214180.0,104074583390.0
2023-03-31,001020,15282995140.0,87813882170.0,103096877310.0
2022-12-31,001020,13371085450.0,86233888330.0,99604973780.0
2023-09-30,090080,10832232240.0,129718508820.0,140550741060.0
2023-06-30,090080,8892633390.0,135548685790.0,144441319180.0
2023-03-31,090080,5524439790.0,130650144620.0,136174584410.0
2022-12-31,090080,10154763160.0,134531111720.0,144685874880.0
2023-09-30,010770,19402921720.0,182795407530.0,202198329250.0
2023-06-30,010770,18676800490.0,181434478320.0,200111278810.0
2023-03-31,010770,17607292020.0,172804285740.0,190411577760.0
2022-12-31,010770,19706079050.0,185031177510.0,204737256560.0
2023-12-31,022100,38533010270.0,317135509970.0,355668520240.0
2023-09-30,022100,51406447470.0,303131253830.0,354537701300.0
2023-06-30,022100,52438156630.0,316670644990.0,369108801620.0
2023-03-31,022100,45679146500.0,360881451260.0,406560597760.0
2022-12-31,022100,37252725400.0,404971190040.0,442223915440.0
2023-09-30,058430,22810259560.0,262369299950.0,285179559510.0
2023-06-30,058430,28580476680.0,280647334840.0,309227811520.0
2023-03-31,058430,13372955720.0,268737656250.0,282110611970.0
2022-12-31,058430,-6477195160.0,221183603490.0,214706408330.0
2023-12-31,047050,383198190000.0,7526227826000.0,7909426016000.0
2023-09-30,047050,474253601000.0,7571601334000.0,8045854935000.0
2023-06-30,047050,532000294000.0,8338945534000.0,8870945828000.0
2023-03-31,047050,450081718000.0,7856512877000.0,8306594595000.0
2022-12-31,047050,375850118000.0,7590407918000.0,7966258036000.0
2023-12-31,003670,-8529533910.0,1154369580270.0,1145840046360.0
2023-09-30,003670,89099008700.0,1196672916610.0,1285771925310.0
2023-06-30,003670,106141056530.0,1086880821410.0,1193021877940.0
2023-03-31,003670,70519245750.0,1064718390900.0,1135237636650.0
2022-12-31,003670,48584230590.0,732217499190.0,780801729780.0
2023-09-30,017810,196453644950.0,549604431740.0,746058076690.0
2023-06-30,017810,197031274880.0,558354986060.0,755386260940.0
2023-03-31,017810,181957362750.0,548081007430.0,730038370180.0
2022-12-31,017810,161003928680.0,566433889160.0,727437817840.0
2023-09-30,103140,78637394230.0,852149319010.0,930786713240.0
2023-06-30,103140,105138821620.0,930772321490.0,1035911143110.0
2023-03-31,103140,129156779870.0,915733370400.0,1044890150270.0
2022-12-31,103140,113925029200.0,1019082993160.0,1133008022360.0
2023-09-30,005810,17779492000.0,78494953430.0,96274445430.0
2023-06-30,005810,27140399430.0,72140796150.0,99281195580.0
2023-03-31,005810,30033854010.0,74796094710.0,104829948720.0
2022-12-31,005810,25095716850.0,86447420400.0,111543137250.0
2023-12-31,950210,119375000.0,119375000.0
2023-09-30,950210,67323000.0,67323000.0
2023-06-30,950210,,
2023-03-31,950210,,
2022-12-31,950210,,
2023-09-30,009810,11871055200.0,39696956560.0,51568011760.0
2023-06-30,009810,11333531520.0,39138962030.0,50472493550.0
2023-03-31,009810,12532675040.0,39691899890.0,52224574930.0
2022-12-31,009810,11798105620.0,42724130580.0,54522236200.0
2023-09-30,293480,34304487720.0,21301356020.0,55605843740.0
2023-06-30,293480,36233988100.0,21128844120.0,57362832220.0
2023-03-31,293480,33987806100.0,20121920930.0,54109727030.0
2022-12-31,293480,34225759390.0,20270597750.0,54496357140.0
2023-09-30,039130,126696887660.0,126696887660.0
2023-06-30,039130,82403076880.0,82403076880.0
2023-03-31,039130,82976096150.0,82976096150.0
2022-12-31,039130,46148640540.0,46148640540.0
2023-09-30,352820,246828141000.0,291031197000.0,537859338000.0
2023-06-30,352820,268408728000.0,352581494000.0,620990222000.0
2023-03-31,352820,208802862000.0,201831814000.0,410634676000.0
2022-12-31,352820,246611516000.0,286851463000.0,533462979000.0
2023-12-31,071090,5679055370.0,62293268610.0,67972323980.0
2023-09-30,071090,3783235600.0,66590713720.0,70373949320.0
2023-06-30,071090,1731803530.0,61264628710.0,62996432240.0
2023-03-31,071090,2782221770.0,52531019370.0,55313241140.0
2022-12-31,071090,6680382700.0,74446361300.0,81126744000.0
2023-09-30,019490,-241808840.0,2329525480.0,2087716640.0
2023-06-30,019490,720830230.0,1326648780.0,2047479010.0
2023-03-31,019490,-308405640.0,989128290.0,680722650.0
2022-12-31,019490,-2261176620.0,1734448850.0,-526727770.0
2023-12-31,000080,277540849530.0,343227640420.0,620768489950.0
2023-09-30,000080,287694934380.0,366690048490.0,654384982870.0
2023-06-30,000080,280469023670.0,361084398640.0,641553422310.0
2023-03-31,000080,268297232660.0,335177423840.0,603474656500.0
2022-12-31,000080,244250840470.0,364391049120.0,608641889590.0
2023-12-31,000087,277540849530.0,343227640420.0,620768489950.0
2023-09-30,000087,287694934380.0,366690048490.0,654384982870.0
2023-06-30,000087,280469023670.0,361084398640.0,641553422310.0
2023-03-31,000087,268297232660.0,335177423840.0,603474656500.0
2022-12-31,000087,244250840470.0,364391049120.0,608641889590.0
2023-12-31,000140,280248570720.0,336380543420.0,616629114140.0
2023-09-30,000140,289989180770.0,361013278850.0,651002459620.0
2023-06-30,000140,278709768800.0,359778215050.0,638487983850.0
2023-03-31,000140,273522558570.0,327227165810.0,600749724380.0
2022-12-31,000140,244620099310.0,360235957060.0,604856056370.0
2023-12-31,000145,280248570720.0,336380543420.0,616629114140.0
2023-09-30,000145,289989180770.0,361013278850.0,651002459620.0
2023-06-30,000145,278709768800.0,359778215050.0,638487983850.0
2023-03-31,000145,273522558570.0,327227165810.0,600749724380.0
2022-12-31,000145,244620099310.0,360235957060.0,604856056370.0
2023-09-30,036460,317167593170.0,7572098255570.0,7889265848740.0
2023-06-30,036460,302763161880.0,7824850132080.0,8127613293960.0
2023-03-31,036460,710870848850.0,17219078566150.0,17929949415000.0
2022-12-31,036460,1244314846260.0,16913237657540.0,18157552503800.0
2023-12-31,005430,15621813580.0,137280620010.0,152902433590.0
2023-09-30,005430,27705047020.0,119659398580.0,147364445600.0
2023-06-30,005430,19326977840.0,113074058440.0,132401036280.0
2023-03-31,005430,2249856780.0,109807365180.0,112057221960.0
2022-12-31,005430,15714977350.0,93892598860.0,109607576210.0
2023-09-30,010040,11025227550.0,92665454200.0,103690681750.0
2023-06-30,010040,8857612370.0,95659127120.0,104516739490.0
2023-03-31,010040,8539128630.0,93720157370.0,102259286000.0
2022-12-31,010040,11042230660.0,90252262340.0,101294493000.0
2023-09-30,025540,57786757970.0,260735393950.0,318522151920.0
2023-06-30,025540,57505562630.0,275521067690.0,333026630320.0
2023-03-31,025540,41390819130.0,274469714940.0,315860534070.0
2022-12-31,025540,49694197340.0,268542535330.0,318236732670.0
2023-09-30,010100,33827204470.0,344053808010.0,377881012480.0
2023-06-30,010100,42174067760.0,350550073820.0,392724141580.0
2023-03-31,010100,29492185600.0,337123750760.0,366615936360.0
2022-12-31,010100,31663233040.0,345149794480.0,376813027520.0
2023-12-31,004090,15434200870.0,156937301840.0,172371502710.0
2023-09-30,004090,15120072650.0,158031975930.0,173152048580.0
2023-06-30,004090,15828467230.0,156147948230.0,171976415460.0
2023-03-31,004090,14810901460.0,146922567370.0,161733468830.0
2022-12-31,004090,16205725800.0,167389406940.0,183595132740.0
2023-12-31,002200,11223287520.0,65188454110.0,76411741630.0
2023-09-30,002200,13705608590.0,64901152390.0,78606760980.0
2023-06-30,002200,15352270470.0,64324946030.0,79677216500.0
2023-03-31,002200,12099108890.0,65509549090.0,77608657980.0
2022-12-31,002200,11415563130.0,70534147150.0,81949710280.0
2023-09-30,002960,26341005470.0,53802948000.0,80143953470.0
2023-06-30,002960,25347755790.0,55517230680.0,80864986470.0
2023-03-31,002960,24309240720.0,55249890100.0,79559130820.0
2022-12-31,002960,22321783390.0,58613374290.0,80935157680.0
2023-09-30,000240,125741376710.0,171570136540.0,297311513250.0
2023-06-30,000240,70295322800.0,174163965620.0,244459288420.0
2023-03-31,000240,56659891050.0,172763714590.0,229423605640.0
2022-12-31,000240,35419907400.0,197843395740.0,233263303140.0
2023-12-31,123890,54126918680.0,17688377900.0,71815296580.0
2023-09-30,123890,35123370010.0,21887176570.0,57010546580.0
2023-06-30,123890,48808584090.0,8471679080.0,57280263170.0
2023-03-31,123890,58639623020.0,14325891060.0,72965514080.0
2022-12-31,123890,50711090820.0,11273241970.0,61984332790.0
2023-09-30,015760,,,24469974000000.0
2023-06-30,015760,-1546568000000.0,21169063000000.0,19622495000000.0
2023-03-31,015760,-5485972000000.0,27079994000000.0,21594022000000.0
2022-12-31,015760,-10642767000000.0,29423728000000.0,18780961000000.0
2023-09-30,006200,5397689900.0,58983163250.0,64380853150.0
2023-06-30,006200,5045031110.0,66775299300.0,71820330410.0
2023-03-31,006200,10260655810.0,61611755600.0,71872411410.0
2022-12-31,006200,8843817540.0,52086038510.0,60929856050.0
2023-12-31,027970,31028895010.0,185071039690.0,216099934700.0
2023-09-30,027970,17669829800.0,157785385530.0,175455215330.0
2023-06-30,027970,1206974740.0,46232746520.0,47439721260.0
2023-03-31,027970,-1479769440.0,50731496300.0,49251726860.0
2022-12-31,027970,-824391540.0,53560572560.0,52736181020.0
2023-09-30,023350,8461573350.0,75430959130.0,83892532480.0
2023-06-30,023350,8860151760.0,73829047520.0,82689199280.0
2023-03-31,023350,9632201560.0,57096331120.0,66728532680.0
2022-12-31,023350,8122838700.0,73513977150.0,81636815850.0
2023-09-30,025890,1500000440.0,12182334890.0,13682335330.0
2023-06-30,025890,1074816260.0,10398588730.0,11473404990.0
2023-03-31,025890,825140100.0,11622527180.0,12447667280.0
2022-12-31,025890,843342300.0,14756265850.0,15599608150.0
2023-09-30,000970,16865615790.0,88763379500.0,105628995290.0
2023-06-30,000970,19159283120.0,103163451370.0,122322734490.0
2023-03-31,000970,15740714050.0,82272876940.0,98013590990.0
2022-12-31,000970,20043093280.0,105607302210.0,125650395490.0
2023-09-30,104700,28300437290.0,174859410530.0,203159847820.0
2023-06-30,104700,42987723500.0,209479506970.0,252467230470.0
2023-03-31,104700,27262279440.0,205722938760.0,232985218200.0
2022-12-31,104700,41918848190.0,232324974230.0,274243822420.0
2023-09-30,017960,16396925000.0,139255840000.0,155652765000.0
2023-06-30,017960,17784066610.0,116028762580.0,133812829190.0
2023-03-31,017960,13854140190.0,89138153900.0,102992294090.0
2022-12-31,017960,15225561090.0,90708752310.0,105934313400.0
2023-09-30,161890,141294420610.0,375090352480.0,516384773090.0
2023-06-30,161890,163277304770.0,436460382200.0,599737686970.0
2023-03-31,161890,116841469600.0,370819491730.0,487660961330.0
2022-12-31,161890,113374315130.0,365690694010.0,479065009140.0
2023-09-30,024720,24540536730.0,129934271060.0,154474807790.0
2023-06-30,024720,26378183520.0,144196416480.0,170574600000.0
2023-03-31,024720,25790278590.0,127123733400.0,152914011990.0
2022-12-31,024720,20706805060.0,133770071700.0,154476876760.0
2023-09-30,161390,780505490160.0,1559551465240.0,2340056955400.0
2023-06-30,161390,646053605140.0,1617402707580.0,2263456312720.0
2023-03-31,161390,550806561240.0,1553271782590.0,2104078343830.0
2022-12-31,161390,597440609300.0,1666387929070.0,2263828538370.0
2023-09-30,034830,39282713670.0,8813244330.0,48095958000.0
2023-06-30,034830,29968009950.0,17025562030.0,46993571980.0
2023-03-31,034830,36011973890.0,5287134840.0,41299108730.0
2022-12-31,034830,39993989580.0,19376578530.0,59370568110.0
2023-09-30,007280,14466335440.0,169380486210.0,183846821650.0
2023-06-30,007280,28774362550.0,199180252660.0,227954615210.0
2023-03-31,007280,14872838550.0,192564537810.0,207437376360.0
2022-12-31,007280,11139127140.0,183902323440.0,195041450580.0
2023-09-30,047810,127876432820.0,879240122650.0,1007116555470.0
2023-06-30,047810,58042981570.0,675407231640.0,733450213210.0
2023-03-31,047810,65153392440.0,503592510100.0,568745902540.0
2022-12-31,047810,102431609450.0,766365610210.0,868797219660.0
2023-09-30,123690,10219909560.0,10123809010.0,20343718570.0
2023-06-30,123690,10535064200.0,9383875510.0,19918939710.0
2023-03-31,123690,9708399150.0,8181173550.0,17889572700.0
2022-12-31,123690,7913681030.0,8359436270.0,16273117300.0
2023-09-30,003350,5447708670.0,22723840310.0,28171548980.0
2023-06-30,003350,5311374360.0,22460577130.0,27771951490.0
2023-03-31,003350,5006635640.0,21901543830.0,26908179470.0
2022-12-31,003350,2720784870.0,17605293020.0,20326077890.0
2023-12-31,011500,3123109950.0,51452868970.0,54575978920.0
2023-09-30,011500,2966790750.0,49927587360.0,52894378110.0
2023-06-30,011500,847599870.0,49658974880.0,50506574750.0
2023-03-31,011500,2297368000.0,52121670000.0,54419038000.0
2022-12-31,011500,-1765403930.0,32299727900.0,30534323970.0
2023-12-31,002390,36675863590.0,89910800280.0,126586663870.0
2023-09-30,002390,41747438950.0,85482532190.0,127229971140.0
2023-06-30,002390,46552839370.0,93999005750.0,140551845120.0
2023-03-31,002390,41371522260.0,87001077140.0,128372599400.0
2022-12-31,002390,43485292810.0,92535406920.0,136020699730.0
2023-12-31,053690,33209975070.0,71133409790.0,104343384860.0
2023-09-30,053690,34303424290.0,68626202850.0,102929627140.0
2023-06-30,053690,34810850370.0,70356498600.0,105167348970.0
2023-03-31,053690,31976602040.0,68498012150.0,100474614190.0
2022-12-31,053690,38700380470.0,77707707660.0,116408088130.0
2023-12-31,042700,30482422700.0,21732653000.0,52215075700.0
2023-09-30,042700,12776193180.0,18422961330.0,31199154510.0
2023-06-30,042700,25033884100.0,24036381910.0,49070266010.0
2023-03-31,042700,11111449140.0,15412582990.0,26524032130.0
2022-12-31,042700,33133625450.0,27773632280.0,60907257730.0
2023-09-30,008930,309356996420.0,,309356996420.0
2023-06-30,008930,315356702070.0,,315356702070.0
2023-03-31,008930,61331826220.0,229931154000.0,291262980220.0
2022-12-31,008930,940365649720.0,,288125227300.0
2023-09-30,128940,198848805830.0,165764366910.0,364613172740.0
2023-06-30,128940,180182909910.0,162552078980.0,342734988890.0
2023-03-31,128940,207065341910.0,154123214870.0,361188556780.0
2022-12-31,128940,191304032840.0,159867444670.0,351171477510.0
2023-12-31,009240,112750651160.0,389262515190.0,502013166350.0
2023-09-30,009240,110982947680.0,369903016540.0,480885964220.0
2023-06-30,009240,109078882610.0,405714430280.0,514793312890.0
2023-03-31,009240,99549093580.0,369705496760.0,469254590340.0
2022-12-31,009240,99432904090.0,398321985860.0,497754889950.0
2023-09-30,020000,194220196710.0,129881195340.0,324101392050.0
2023-06-30,020000,197433010920.0,148270780740.0,345703791660.0
2023-03-31,020000,258636685950.0,147215259400.0,405851945350.0
2022-12-31,020000,271860462320.0,180009948200.0,451870410520.0
2023-09-30,003680,14992969210.0,70387659500.0,85380628710.0
2023-06-30,003680,12545385530.0,61006234130.0,73551619660.0
2023-03-31,003680,11253566540.0,64032345190.0,75285911730.0
2022-12-31,003680,13147914000.0,71631812760.0,84779726760.0
2023-09-30,105630,99176315470.0,412872598350.0,512048913820.0
2023-06-30,105630,84020256310.0,346163592300.0,430183848610.0
2023-03-31,105630,71863376920.0,338972784930.0,410836161850.0
2022-12-31,105630,48346790820.0,376260047190.0,424606838010.0
2023-09-30,069640,39649271850.0,23376647520.0,63025919370.0
2023-06-30,069640,48952261420.0,30467324730.0,79419586150.0
2023-03-31,069640,50091778520.0,36295638870.0,86387417390.0
2022-12-31,069640,50203663580.0,47668592850.0,97872256430.0
2023-09-30,016450,175631453700.0,570524184040.0,746155637740.0
2023-06-30,016450,177473185080.0,508173125190.0,685646310270.0
2023-03-31,016450,167429354860.0,530840751700.0,698270106560.0
2022-12-31,016450,156640033240.0,575513845960.0,732153879200.0
2023-12-31,010420,8908024600.0,83044695450.0,91952720050.0
2023-09-30,010420,6485260700.0,65016825160.0,71502085860.0
2023-06-30,010420,6961781240.0,62691442820.0,69653224060.0
2023-03-31,010420,7026250710.0,71554832140.0,78581082850.0
2022-12-31,010420,8281699220.0,78080724690.0,86362423910.0
2023-12-31,009180,13621890370.0,166866956050.0,180488846420.0
2023-09-30,009180,16894105360.0,164349075030.0,181243180390.0
2023-06-30,009180,19710090850.0,158025429410.0,177735520260.0
2023-03-31,009180,17899380550.0,169169896690.0,187069277240.0
2022-12-31,009180,17021550830.0,210288391150.0,227309941980.0
2023-12-31,213500,110165438720.0,471329090690.0,581494529410.0
2023-09-30,213500,83889405660.0,439646972060.0,523536377720.0
2023-06-30,213500,82220240800.0,445852277850.0,528072518650.0
2023-03-31,213500,79649435260.0,481349690510.0,560999125770.0
2022-12-31,213500,115498700560.0,539618565750.0,655117266310.0
2023-12-31,014680,45713689500.0,145763004280.0,191476693780.0
2023-09-30,014680,55238435470.0,133034414800.0,188272850270.0
2023-06-30,014680,51333443990.0,143318812880.0,194652256870.0
2023-03-31,014680,52674538150.0,144578302480.0,197252840630.0
2022-12-31,014680,50789479190.0,165751855570.0,216541334760.0
2023-12-31,004710,22433727790.0,48045061420.0,70478789210.0
2023-09-30,004710,53341783580.0,388442619120.0,441784402700.0
2023-06-30,004710,49501419900.0,328906925460.0,378408345360.0
2023-03-31,004710,49587235040.0,362420330410.0,412007565450.0
2022-12-31,004710,46015872860.0,400260292660.0,446276165520.0
2023-09-30,004150,12785214000.0,93515293000.0,106300507000.0
2023-06-30,004150,14117031000.0,86870830000.0,100987861000.0
2023-03-31,004150,12056582000.0,95983878000.0,108040460000.0
2022-12-31,004150,14363452000.0,104552497000.0,118915949000.0
2023-12-31,025750,12700077840.0,70015609540.0,82715687380.0
2023-09-30,025750,11010366750.0,68982979270.0,79993346020.0
2023-06-30,025750,10014149860.0,62716186900.0,72730336760.0
2023-03-31,025750,8077149080.0,56486802700.0,64563951780.0
2022-12-31,025750,10418315830.0,57792643480.0,68210959310.0
2023-09-30,004960,27091333850.0,302667734270.0,329759068120.0
2023-06-30,004960,26660002600.0,320786234680.0,347446237280.0
2023-03-31,004960,22334836560.0,291586440150.0,313921276710.0
2022-12-31,004960,37643346230.0,301794041520.0,339437387750.0
2023-09-30,011700,3010125510.0,12607367270.0,15617492780.0
2023-06-30,011700,1406780610.0,12759186150.0,14165966760.0
2023-03-31,011700,1732576760.0,7990979810.0,9723556570.0
2022-12-31,011700,-1428603970.0,21108521850.0,19679917880.0
2023-12-31,018880,221080959820.0,2241438804030.0,2462519763850.0
2023-09-30,018880,189163464250.0,2138190354160.0,2327353818410.0
2023-06-30,018880,283710892040.0,2145379134410.0,2429090026450.0
2023-03-31,018880,214227092920.0,2126137546770.0,2340364639690.0
2022-12-31,018880,263815593550.0,2081440303930.0,2345255897480.0
2023-12-31,009420,14695437600.0,17022715220.0,31718152820.0
2023-09-30,009420,17548398950.0,15420862660.0,32969261610.0
2023-06-30,009420,27204128210.0,14213858780.0,41417986990.0
2023-03-31,009420,15724303490.0,13080132710.0,28804436200.0
2022-12-31,009420,17724941910.0,12391576190.0,30116518100.0
2023-09-30,014130,6664557030.0,158384632950.0,165049189980.0
2023-06-30,014130,7444528230.0,159165117420.0,166609645650.0
2023-03-31,014130,7137270470.0,172919030700.0,180056301170.0
2022-12-31,014130,4860951430.0,189889418200.0,194750369630.0
2023-09-30,300720,115698251290.0,308776444660.0,424474695950.0
2023-06-30,300720,137532258400.0,356565916580.0,494098174980.0
2023-03-31,300720,73430678330.0,313686463140.0,387117141470.0
2022-12-31,300720,84013171530.0,336129352440.0,420142523970.0
2023-09-30,002220,3967279400.0,49124993600.0,53092273000.0
2023-06-30,002220,3913869340.0,47634084320.0,51547953660.0
2023-03-31,002220,6639518430.0,53902987000.0,60542505430.0
2022-12-31,002220,2712910080.0,56472839950.0,59185750030.0
2023-09-30,006390,24814297830.0,86834771630.0,111649069460.0
2023-06-30,006390,36178979200.0,104145271910.0,140324251110.0
2023-03-31,006390,22578561100.0,95906223350.0,118484784450.0
2022-12-31,006390,31227182170.0,110561644570.0,141788826740.0
2023-09-30,003300,121657120840.0,408717616060.0,530374736900.0
2023-06-30,003300,157330938410.0,490526760070.0,647857698480.0
2023-03-31,003300,88124628230.0,475931061780.0,564055690010.0
2022-12-31,003300,88951268940.0,471300634010.0,560251902950.0
2023-12-31,051600,78631078150.0,361801062260.0,440432140410.0
2023-09-30,051600,53374158030.0,278914277820.0,332288435850.0
2023-06-30,051600,73584433270.0,336433447960.0,410017881230.0
2023-03-31,051600,77334971120.0,273777362880.0,351112334000.0
2022-12-31,051600,71734166460.0,326787786210.0,398521952670.0
2023-12-31,052690,41972829170.0,155241441580.0,197214270750.0
2023-09-30,052690,25369488380.0,93999045910.0,119368534290.0
2023-06-30,052690,31335782500.0,88732560340.0,120068342840.0
2023-03-31,052690,29206421720.0,79234203010.0,108440624730.0
2022-12-31,052690,43084356760.0,151230803660.0,194315160420.0
2023-09-30,130660,14568339860.0,76177855210.0,90746195070.0
2023-06-30,130660,17289896730.0,83423139950.0,100713036680.0
2023-03-31,130660,9056051300.0,71891963980.0,80948015280.0
2022-12-31,130660,4826002310.0,85525372500.0,90351374810.0
2023-12-31,002320,57363778060.0,691377170500.0,748740948560.0
2023-09-30,002320,61164874730.0,630719577500.0,691884452230.0
2023-06-30,002320,61868875410.0,629983878390.0,691852753800.0
2023-03-31,002320,50972644710.0,624077983260.0,675050627970.0
2022-12-31,002320,50377861360.0,670365582340.0,720743443700.0
2023-09-30,003480,26902000000.0,135424000000.0,162326000000.0
2023-06-30,003480,24109000000.0,180349000000.0,204458000000.0
2023-03-31,003480,32970000000.0,469123000000.0,502093000000.0
2022-12-31,003480,29678000000.0,469501000000.0,499179000000.0
2023-12-31,180640,5597718430.0,65346941790.0,70944660220.0
2023-09-30,180640,37491284050.0,38789461930.0,76280745980.0
2023-06-30,180640,34930147840.0,31199242460.0,66129390300.0
2023-03-31,180640,32367611860.0,30004409360.0,62372021220.0
2022-12-31,180640,22203250410.0,35363921610.0,57567172020.0
2023-12-31,18064K,5597718430.0,65346941790.0,70944660220.0
2023-09-30,18064K,37491284050.0,38789461930.0,76280745980.0
2023-06-30,18064K,34930147840.0,31199242460.0,66129390300.0
2023-03-31,18064K,32367611860.0,30004409360.0,62372021220.0
2022-12-31,18064K,22203250410.0,35363921610.0,57567172020.0
2023-09-30,005110,3202132610.0,9648940080.0,12851072690.0
2023-06-30,005110,3943670950.0,11577198490.0,15520869440.0
2023-03-31,005110,4839526270.0,10720353450.0,15559879720.0
2022-12-31,005110,7240086600.0,13615026180.0,20855112780.0
2023-09-30,009460,4931765820.0,64317506510.0,69249272330.0
2023-06-30,009460,3397740480.0,67711815940.0,71109556420.0
2023-03-31,009460,-886520710.0,63155172830.0,62268652120.0
2022-12-31,009460,2480181380.0,62667860610.0,65148041990.0
2023-12-31,372910,5884774410.0,42197267500.0,48082041910.0
2023-09-30,372910,4363511030.0,16199829090.0,20563340120.0
2023-06-30,372910,11739568050.0,23775574320.0,35515142370.0
2023-03-31,372910,1751518830.0,6867672100.0,8619190930.0
2022-12-31,372910,3438912830.0,39328382670.0,42767295500.0
2023-09-30,000880,1290653000000.0,10648618000000.0,11939271000000.0
2023-06-30,000880,1316578000000.0,10830251000000.0,12146829000000.0
2023-03-31,000880,2299196000000.0,12103219000000.0,14402415000000.0
2022-12-31,000880,1161510000000.0,15937596000000.0,17099106000000.0
2023-09-30,00088K,1290653000000.0,10648618000000.0,11939271000000.0
2023-06-30,00088K,1316578000000.0,10830251000000.0,12146829000000.0
2023-03-31,00088K,2299196000000.0,12103219000000.0,14402415000000.0
2022-12-31,00088K,1161510000000.0,15937596000000.0,17099106000000.0
2023-09-30,452260,88492348570.0,31522531980.0,120014880550.0
2023-06-30,452260,105017062110.0,22044889180.0,127061951290.0
2023-03-31,452260,34501567610.0,7544589360.0,42046156970.0
2023-09-30,45226K,88492348570.0,31522531980.0,120014880550.0
2023-06-30,45226K,105017062110.0,22044889180.0,127061951290.0
2023-03-31,45226K,34501567610.0,7544589360.0,42046156970.0
2023-07-31,451800,11638722900.0,11638722900.0
2023-01-31,451800,8801264470.0,8801264470.0
2023-09-30,009830,464206854910.0,2461639521200.0,2925846376110.0
2023-06-30,009830,588414612070.0,2804618832620.0,3393033444690.0
2023-03-31,009830,675836939040.0,2424320705150.0,3100157644190.0
2022-12-31,009830,679999216780.0,3248852056520.0,3928851273300.0
2023-09-30,009835,464206854910.0,2461639521200.0,2925846376110.0
2023-06-30,009835,588414612070.0,2804618832620.0,3393033444690.0
2023-03-31,009835,675836939040.0,2424320705150.0,3100157644190.0
2022-12-31,009835,679999216780.0,3248852056520.0,3928851273300.0
2023-09-30,272210,87540376730.0,533282674470.0,620823051200.0
2023-06-30,272210,84393784530.0,526282884730.0,610676669260.0
2023-03-31,272210,64691301210.0,374825189080.0,439516490290.0
2022-12-31,272210,61323919890.0,727219982680.0,788543902570.0
2023-09-30,012450,453606423640.0,1527849574230.0,1981455997870.0
2023-06-30,012450,424169487250.0,1373735041580.0,1797904528830.0
2023-03-31,012450,536600486340.0,1390424999490.0,1927025485830.0
2022-12-31,012450,483814386810.0,2034043794850.0,2517858181660.0
2023-09-30,082740,9729042140.0,177908126830.0,187637168970.0
2023-06-30,082740,11616818910.0,177428848900.0,189045667810.0
2023-03-31,082740,13078641830.0,186268228790.0,199346870620.0
2022-12-31,082740,11725943910.0,212486986200.0,224212930110.0
2023-12-31,042660,36717692000.0,2194221195370.0,2230938887370.0
2023-09-30,042660,141879168410.0,1774958023880.0,1916837192290.0
2023-06-30,042660,-73034077850.0,1893734817550.0,1820700739700.0
2023-03-31,042660,-6754332010.0,1446589778290.0,1439835446280.0
2022-12-31,042660,-330325275810.0,1779518819070.0,1449193543260.0
2023-09-30,000885,1290653000000.0,10648618000000.0,11939271000000.0
2023-06-30,000885,1316578000000.0,10830251000000.0,12146829000000.0
2023-03-31,000885,2299196000000.0,12103219000000.0,14402415000000.0
2022-12-31,000885,1161510000000.0,15937596000000.0,17099106000000.0
2023-12-31,195870,29731432660.0,115409950370.0,145141383030.0
2023-09-30,195870,34636056660.0,120850818210.0,155486874870.0
2023-06-30,195870,49818497130.0,129401084970.0,179219582100.0
2023-03-31,195870,46535635740.0,145861802430.0,192397438170.0
2022-12-31,195870,61779377990.0,137399157780.0,199178535770.0
2023-09-30,101530,53799224110.0,100734063020.0,154533287130.0
2023-06-30,101530,54356399550.0,99643288020.0,153999687570.0
2023-03-31,101530,50901715060.0,100738993290.0,151640708350.0
2022-12-31,101530,48940345010.0,105346170060.0,154286515070.0
2023-09-30,143210,15236100340.0,167267704810.0,182503805150.0
2023-06-30,143210,18358299880.0,178708444600.0,197066744480.0
2023-03-31,143210,19527582650.0,173180480830.0,192708063480.0
2022-12-31,143210,4692732330.0,188532408930.0,193225141260.0
2023-12-31,000720,409182000000.0,8189205000000.0,8598387000000.0
2023-09-30,000720,516122000000.0,7342408000000.0,7858530000000.0
2023-06-30,000720,397583000000.0,6765776000000.0,7163359000000.0
2023-03-31,000720,379921000000.0,5651160000000.0,6031081000000.0
2022-12-31,000720,366537000000.0,5716950000000.0,6083487000000.0
2023-12-31,000725,409182000000.0,8189205000000.0,8598387000000.0
2023-09-30,000725,516122000000.0,7342408000000.0,7858530000000.0
2023-06-30,000725,397583000000.0,6765776000000.0,7163359000000.0
2023-03-31,000725,379921000000.0,5651160000000.0,6031081000000.0
2022-12-31,000725,366537000000.0,5716950000000.0,6083487000000.0
2023-09-30,453340,101605070000.0,472982868000.0,574587938000.0
2023-06-30,453340,91731354000.0,428746015000.0,520477369000.0
2023-03-31,453340,33055906000.0,141427285000.0,174483191000.0
2023-12-31,086280,520921805160.0,5996483910430.0,6517405715590.0
2023-09-30,086280,507306036900.0,5822826542570.0,6330132579470.0
2023-06-30,086280,542931045750.0,5991892883640.0,6534823929390.0
2023-03-31,086280,520309837430.0,5780525102180.0,6300834939610.0
2022-12-31,086280,617748586200.0,6193872771340.0,6811621357540.0
2023-12-31,064350,159892857000.0,829283508000.0,989176365000.0
2023-09-30,064350,110671454000.0,816281585000.0,926953039000.0
2023-06-30,064350,127330242000.0,859475570000.0,986805812000.0
2023-03-31,064350,66503897000.0,617943340000.0,684447237000.0
2022-12-31,064350,138584761000.0,779009354000.0,917594115000.0
2023-09-30,079430,64323387770.0,332290864090.0,396614251860.0
2023-06-30,079430,61337149150.0,337334188550.0,398671337700.0
2023-03-31,079430,49998138240.0,320220842270.0,370218980510.0
2022-12-31,079430,29870437300.0,372721907580.0,402592344880.0
2023-12-31,012330,1826133000000.0,12846066000000.0,14672199000000.0
2023-09-30,012330,1764993000000.0,12465251000000.0,14230244000000.0
2023-06-30,012330,1740785000000.0,13944159000000.0,15684944000000.0
2023-03-31,012330,1430263000000.0,13236711000000.0,14666974000000.0
2022-12-31,012330,1779274000000.0,13215225000000.0,14994499000000.0
2023-09-30,010620,24869348000.0,968931179000.0,993800527000.0
2023-06-30,010620,-21840300000.0,1055211062000.0,1033370762000.0
2023-03-31,010620,-7342235000.0,916503533000.0,909161298000.0
2022-12-31,010620,-20185409000.0,1043382896000.0,1023197487000.0
2023-09-30,069960,591756357000.0,412480304000.0,1004236661000.0
2023-06-30,069960,586321815000.0,383954484000.0,970276299000.0
2023-03-31,069960,659170890000.0,438560829000.0,1097731719000.0
2022-12-31,069960,1006473778000.0,575906785000.0,1582380563000.0
2023-09-30,004560,6890926580.0,262332203510.0,269223130090.0
2023-06-30,004560,4124452720.0,272275125260.0,276399577980.0
2023-03-31,004560,-2338599250.0,282616558360.0,280277959110.0
2022-12-31,004560,-642745650.0,293189035820.0,292546290170.0
2023-11-30,004310,17941566620.0,27627845480.0,45569412100.0
2023-08-31,004310,18992646670.0,28452889200.0,47445535870.0
2023-05-31,004310,22525272440.0,26328347620.0,48853620060.0
2023-02-28,004310,17133251640.0,21760839320.0,38894090960.0
2023-09-30,017800,129078249350.0,551106267590.0,680184516940.0
2023-06-30,017800,92451548400.0,574920048190.0,667371596590.0
2023-03-31,017800,88362882880.0,462932264870.0,551295147750.0
2022-12-31,017800,112134725900.0,509814153040.0,621948878940.0
2023-09-30,307950,85073746770.0,660724706070.0,745798452840.0
2023-06-30,307950,87335713580.0,666528418800.0,753864132380.0
2023-03-31,307950,67623368410.0,598359793090.0,665983161500.0
2022-12-31,307950,100189279450.0,734051097740.0,834240377190.0
2023-09-30,011210,153939000000.0,1945073000000.0,2099012000000.0
2023-06-30,011210,157981000000.0,2127088000000.0,2285069000000.0
2023-03-31,011210,130235000000.0,1964787000000.0,2095022000000.0
2022-12-31,011210,158302000000.0,2090421000000.0,2248723000000.0
2023-09-30,004020,552267423340.0,5730928862950.0,6283196286290.0
2023-06-30,004020,790179559150.0,6348137182520.0,7138316741670.0
2023-03-31,004020,633041528260.0,5756008961050.0,6389050489310.0
2022-12-31,004020,58272379460.0,5921700359500.0,5979972738960.0
2023-09-30,005440,88675996000.0,420467784000.0,509143780000.0
2023-06-30,005440,89256065000.0,437696718000.0,526952783000.0
2023-03-31,005440,70834803000.0,425205921000.0,496040724000.0
2022-12-31,005440,144839546000.0,907199574000.0,1052039120000.0
2023-12-31,005380,8407639000000.0,33224889000000.0,41632528000000.0
2023-09-30,005380,8461358000000.0,32541305000000.0,41002663000000.0
2023-06-30,005380,8893386000000.0,33356309000000.0,42249695000000.0
2023-03-31,005380,7722013000000.0,30056680000000.0,37778693000000.0
2022-12-31,005380,7787351000000.0,30736278000000.0,38523629000000.0
2023-12-31,005387,8407639000000.0,33224889000000.0,41632528000000.0
2023-09-30,005387,8461358000000.0,32541305000000.0,41002663000000.0
2023-06-30,005387,8893386000000.0,33356309000000.0,42249695000000.0
2023-03-31,005387,7722013000000.0,30056680000000.0,37778693000000.0
2022-12-31,005387,7787351000000.0,30736278000000.0,38523629000000.0
2023-12-31,005389,8407639000000.0,33224889000000.0,41632528000000.0
2023-09-30,005389,8461358000000.0,32541305000000.0,41002663000000.0
2023-06-30,005389,8893386000000.0,33356309000000.0,42249695000000.0
2023-03-31,005389,7722013000000.0,30056680000000.0,37778693000000.0
2022-12-31,005389,7787351000000.0,30736278000000.0,38523629000000.0
2023-12-31,005385,8407639000000.0,33224889000000.0,41632528000000.0
2023-09-30,005385,8461358000000.0,32541305000000.0,41002663000000.0
2023-06-30,005385,8893386000000.0,33356309000000.0,42249695000000.0
2023-03-31,005385,7722013000000.0,30056680000000.0,37778693000000.0
2022-12-31,005385,7787351000000.0,30736278000000.0,38523629000000.0
2023-09-30,011760,50392947260.0,1637630624930.0,1688023572190.0
2023-06-30,011760,50237561310.0,1496808734730.0,1547046296040.0
2023-03-31,011760,48824787940.0,1721782809400.0,1770607597340.0
2022-12-31,011760,36141341750.0,1512017349720.0,1548158691470.0
2023-09-30,227840,9794712230.0,37135610200.0,46930322430.0
2023-06-30,227840,11280724000.0,34795238120.0,46075962120.0
2023-03-31,227840,10250608230.0,39695419380.0,49946027610.0
2022-12-31,227840,8103071510.0,24897643230.0,33000714740.0
2023-12-31,126560,8236105580.0,30961750890.0,39197856470.0
2023-09-30,126560,12600744490.0,29405047690.0,42005792180.0
2023-06-30,126560,12403890230.0,35392351700.0,47796241930.0
2023-03-31,126560,11783959990.0,27831139310.0,39615099300.0
2022-12-31,126560,7828156580.0,23773671020.0,31601827600.0
2023-09-30,057050,217539078150.0,287577471170.0,505116549320.0
2023-06-30,057050,227539939660.0,295274095310.0,522814034970.0
2023-03-31,057050,220576762310.0,273801478540.0,494378240850.0
2022-12-31,057050,163164063150.0,260770135930.0,423934199080.0
2023-12-31,093240,4781530330.0,27934483610.0,32716013940.0
2023-09-30,093240,5730752550.0,19904616980.0,25635369530.0
2023-06-30,093240,5055318350.0,32213980200.0,37269298550.0
2023-03-31,093240,5955023300.0,17221408970.0,23176432270.0
2022-12-31,093240,3712267900.0,18722840560.0,22435108460.0
2023-12-31,003010,9851198840.0,78222202220.0,88073401060.0
2023-09-30,003010,9890235890.0,56002247740.0,65892483630.0
2023-06-30,003010,11747423450.0,59257692050.0,71005115500.0
2023-03-31,003010,6385767130.0,44723931570.0,51109698700.0
2023-09-30,111110,30565557000.0,118848611420.0,149414168420.0
2023-06-30,111110,23910557860.0,93221420390.0,117131978250.0
2023-03-31,111110,16966667130.0,68402537620.0,85369204750.0
2022-12-31,111110,21697480280.0,87510294770.0,109207775050.0
2023-12-31,008770,937619708140.0,937619708140.0
2023-09-30,008770,1011781877380.0,1011781877380.0
2023-06-30,008770,866924997040.0,866924997040.0
2023-03-31,008770,752139598760.0,752139598760.0
2022-12-31,008770,1299913318460.0,1299913318460.0
2023-12-31,008775,937619708140.0,937619708140.0
2023-09-30,008775,1011781877380.0,1011781877380.0
2023-06-30,008775,866924997040.0,866924997040.0
2023-03-31,008775,752139598760.0,752139598760.0
2022-12-31,008775,1299913318460.0,1299913318460.0
2023-12-31,002460,16286406000.0,208210040350.0,224496446350.0
2023-09-30,002460,18997374090.0,209887151810.0,228884525900.0
2023-06-30,002460,25597876410.0,207597558970.0,233195435380.0
2023-03-31,002460,23736843540.0,197755275790.0,221492119330.0
2022-12-31,002460,22197725070.0,188167880670.0,210365605740.0
2023-09-30,378850,32823649470.0,140053823690.0,172877473160.0
2023-06-30,378850,32965008530.0,154651439070.0,187616447600.0
2023-03-31,378850,29578726850.0,144873986730.0,174452713580.0
2022-12-31,378850,29919193460.0,152872276970.0,182791470430.0
2023-12-31,241590,51013947870.0,274176472020.0,325190419890.0
2023-09-30,241590,34185196470.0,227104998760.0,261290195230.0
2023-06-30,241590,46959463200.0,274949884120.0,321909347320.0
2023-03-31,241590,31183761310.0,274258213490.0,305441974800.0
2022-12-31,241590,44461185720.0,341693371940.0,386154557660.0
2023-12-31,006060,71058597070.0,315994691140.0,387053288210.0
2023-09-30,006060,48901313300.0,279903812820.0,328805126120.0
2023-06-30,006060,64180419650.0,320572333640.0,384752753290.0
2023-03-31,006060,46323597770.0,319616425780.0,365940023550.0
2022-12-31,006060,62332866470.0,378801740410.0,441134606880.0
2023-09-30,013520,83626592510.0,343609916450.0,427236508960.0
2023-06-30,013520,72414458680.0,350336953870.0,422751412550.0
2023-03-31,013520,70662815370.0,342181402140.0,412844217510.0
2022-12-31,013520,70563080570.0,350098595190.0,420661675760.0
2023-09-30,010690,44636947350.0,398646770840.0,443283718190.0
2023-06-30,010690,50146947590.0,407407249720.0,457554197310.0
2023-03-31,010690,51184662670.0,414283038310.0,465467700980.0
2022-12-31,010690,49450959060.0,436586679500.0,486037638560.0
2023-09-30,133820,-528440360.0,31653589880.0,31125149520.0
2023-06-30,133820,667419250.0,33410480790.0,34077900040.0
2023-03-31,133820,-330047180.0,39400495870.0,39070448690.0
2022-12-31,133820,-1275974530.0,36741100280.0,35465125750.0
2023-12-31,010660,3616571930.0,41130655190.0,44747227120.0
2023-09-30,010660,2717753740.0,32730930580.0,35448684320.0
2023-06-30,010660,4457894300.0,38440036910.0,42897931210.0
2023-03-31,010660,3520377330.0,35270126570.0,38790503900.0
2022-12-31,010660,5306224820.0,51670141040.0,56976365860.0
2023-12-31,000850,8594739260.0,48974615390.0,57569354650.0
2023-09-30,000850,7140559360.0,38254348420.0,45394907780.0
2023-06-30,000850,9800180490.0,51564187600.0,61364368090.0
2023-03-31,000850,11605333360.0,49786465540.0,61391798900.0
2022-12-31,000850,11127607700.0,54588494670.0,65716102370.0
2023-12-31,016580,23811092230.0,34574898090.0,58385990320.0
2023-09-30,016580,25627913830.0,33213303230.0,58841217060.0
2023-06-30,016580,25799257810.0,31826837610.0,57626095420.0
2023-03-31,016580,23922349340.0,31617926840.0,55540276180.0
2022-12-31,016580,23590919780.0,28565906790.0,52156826570.0
2023-09-30,032560,12005244410.0,72135971760.0,84141216170.0
2023-06-30,032560,15706250620.0,79702877320.0,95409127940.0
2023-03-31,032560,15521186050.0,69324059880.0,84845245930.0
2022-12-31,032560,17208341930.0,73553156020.0,90761497950.0
2023-09-30,004800,121186245740.0,683879317440.0,805065563180.0
2023-06-30,004800,97428401820.0,809042203420.0,906470605240.0
2023-03-31,004800,84185444590.0,716201747940.0,800387192530.0
2022-12-31,004800,69278390500.0,946266205500.0,1015544596000.0
2023-12-31,094280,12671327380.0,121598773260.0,134270100640.0
2023-09-30,094280,11753360930.0,110508343940.0,122261704870.0
2023-06-30,094280,12892596570.0,110850023350.0,123742619920.0
2023-03-31,094280,13178016660.0,110322513060.0,123500529720.0
2022-12-31,094280,12768387730.0,113138888510.0,125907276240.0
2023-09-30,298040,191335018020.0,848098603770.0,1039433621790.0
2023-06-30,298040,175833968210.0,946822992450.0,1122656960660.0
2023-03-31,298040,99348523730.0,747121348950.0,846469872680.0
2022-12-31,298040,151785379330.0,1045709359140.0,1197494738470.0
2023-12-31,298050,90502845750.0,677651685740.0,768154531490.0
2023-09-30,298050,73951488740.0,709361901630.0,783313390370.0
2023-06-30,298050,89900195120.0,726492117000.0,816392312120.0
2023-03-31,298050,106237766040.0,728233179470.0,834470945510.0
2022-12-31,298050,109004396630.0,728855975520.0,837860372150.0
2023-09-30,298020,129021570280.0,1840550556360.0,1969572126640.0
2023-06-30,298020,142001681670.0,1787287383250.0,1929289064920.0
2023-03-31,298020,144510490190.0,1716578658140.0,1861089148330.0
2022-12-31,298020,36990138750.0,1774062998370.0,1811053137120.0
2023-09-30,298000,23263068410.0,688461781280.0,711724849690.0
2023-06-30,298000,-74290745550.0,798141677750.0,723850932200.0
2023-03-31,298000,-17825527370.0,687346214860.0,669520687490.0
2022-12-31,298000,-69205482820.0,751300870260.0,682095387440.0
2023-09-30,093370,8034941390.0,115836891740.0,123871833130.0
2023-06-30,093370,13804425600.0,126215927020.0,140020352620.0
2023-03-31,093370,-4013082910.0,157250740250.0,153237657340.0
2022-12-31,093370,13932335520.0,135147541920.0,149079877440.0
2023-09-30,081660,489799752170.0,500392499010.0,990192251180.0
2023-06-30,081660,534985618000.0,612020050560.0,1147005668560.0
2023-03-31,081660,556896962200.0,551702526360.0,1108599488560.0
2022-12-31,081660,414309100790.0,482431142080.0,896740242870.0
2023-12-31,005870,20152839650.0,83819674080.0,103972513730.0
2023-09-30,005870,17888835680.0,87139629590.0,105028465270.0
2023-06-30,005870,2281322820.0,13915476140.0,16196798960.0
2023-03-31,005870,2566123290.0,17276772720.0,19842896010.0
2022-12-31,005870,20607593830.0,94151629850.0,114759223680.0
2023-09-30,079980,5454326060.0,231237136150.0,236691462210.0
2023-06-30,079980,6029849840.0,222975042230.0,229004892070.0
2023-03-31,079980,-1750607770.0,229845716950.0,228095109180.0
2022-12-31,079980,-8672773960.0,232035036570.0,223362262610.0
2023-09-30,005010,57269208860.0,114065136170.0,171334345030.0
2023-06-30,005010,42797371390.0,155564090280.0,198361461670.0
2023-03-31,005010,77476826620.0,170166104090.0,247642930710.0
2022-12-31,005010,132982383000.0,183425677200.0,316408060200.0
2023-09-30,003280,11042778230.0,29574782910.0,40617561140.0
2023-06-30,003280,9957267540.0,30861081340.0,40818348880.0
2023-03-31,003280,12897859870.0,30394381470.0,43292241340.0
2022-12-31,003280,15461858870.0,36876841900.0,52338700770.0
