date,ticker,Gross Profit,Cost Of Revenue,Total Revenue
2022-12-31,006840,710681084880.0,3077278770450.0,3787959855330.0
2021-12-31,006840,506430802200.0,2661268849890.0,3167699652090.0
2020-12-31,006840,462935237410.0,2157041980840.0,2619977218250.0
2023-12-31,282330,1522759796820.0,6671994182070.0,8194753978890.0
2022-12-31,282330,1386199280590.0,6229570187150.0,7615769467740.0
2021-12-31,282330,1177097525590.0,5604063733430.0,6781161259020.0
2020-12-31,282330,1051756036500.0,5129513382790.0,6181269419290.0
2022-12-31,001040,11228789320000.0,29696090453000.0,40924879773000.0
2021-12-31,001040,9696112634000.0,24787913920000.0,34484026554000.0
2020-12-31,001040,8607574829000.0,23391528118000.0,31999102947000.0
2022-12-31,079160,1213778878780.0,67527165000.0,1281306043780.0
2021-12-31,079160,701572740650.0,34742626000.0,736315366650.0
2020-12-31,079160,545783743480.0,37660049000.0,583443792480.0
2022-12-31,00104K,11228789320000.0,29696090453000.0,40924879773000.0
2021-12-31,00104K,9696112634000.0,24787913920000.0,34484026554000.0
2020-12-31,00104K,8607574829000.0,23391528118000.0,31999102947000.0
2022-12-31,000120,1186006559170.0,10944706303200.0,12130712862370.0
2021-12-31,000120,1071328065210.0,10272323722280.0,11343651787490.0
2020-12-31,000120,1001171545630.0,9779955604580.0,10781127150210.0
2022-12-31,001045,11228789320000.0,29696090453000.0,40924879773000.0
2021-12-31,001045,9696112634000.0,24787913920000.0,34484026554000.0
2020-12-31,001045,8607574829000.0,23391528118000.0,31999102947000.0
2022-12-31,097950,6554774274000.0,23524738847000.0,30079513121000.0
2021-12-31,097950,5782090997000.0,20507136770000.0,26289227767000.0
2020-12-31,097950,5186413282000.0,19059312372000.0,24245725654000.0
2022-12-31,097955,6554774274000.0,23524738847000.0,30079513121000.0
2021-12-31,097955,5782090997000.0,20507136770000.0,26289227767000.0
2020-12-31,097955,5186413282000.0,19059312372000.0,24245725654000.0
2023-12-31,000480,143704490200.0,673199955330.0,816904445530.0
2022-12-31,000480,119657156320.0,678382456930.0,798039613250.0
2021-12-31,000480,115244026630.0,631047378000.0,746291404630.0
2020-12-31,000480,101086051500.0,604140692510.0,705226744010.0
2022-12-31,000990,933217768720.0,742069764940.0,1675287533660.0
2021-12-31,000990,535196603490.0,679485436680.0,1214682040170.0
2020-12-31,000990,358884822820.0,577034943660.0,935919766480.0
2023-12-31,007340,825683703850.0,2443559361260.0,3269243065110.0
2022-12-31,007340,732699702800.0,2423676520770.0,3156376223570.0
2021-12-31,007340,150128474140.0,780624256260.0,930752730400.0
2020-12-31,007340,124062982890.0,679033394300.0,803096377190.0
2022-12-31,155660,62705603390.0,304751232840.0,367456836230.0
2021-12-31,155660,35451421720.0,236966229990.0,272417651710.0
2020-12-31,155660,32385331950.0,198594522300.0,230979854250.0
2022-12-31,069730,43068589770.0,218618571970.0,261687161740.0
2021-12-31,069730,17673966400.0,189468793190.0,207142759590.0
2020-12-31,069730,16318265210.0,159888301570.0,176206566780.0
2022-12-31,017860,116408691760.0,1017311271990.0,1133719963750.0
2021-12-31,017860,113114840190.0,787392373610.0,900507213800.0
2022-12-31,383220,1276182452780.0,532712093920.0,1808894546700.0
2021-12-31,383220,796419578350.0,292752508580.0,1089172086930.0
2022-12-31,007700,1278924791790.0,537890145680.0,1816814937470.0
2021-12-31,007700,516916817690.0,210209527670.0,727126345360.0
2020-12-31,007700,9759771920.0,10890801340.0,20650573260.0
2022-12-31,078930,8004898000000.0,20772150000000.0,28777048000000.0
2021-12-31,078930,4935588000000.0,15229461000000.0,20165049000000.0
2020-12-31,078930,2758692000000.0,12685522000000.0,15444214000000.0
2022-12-31,001250,185237135070.0,4885685982280.0,5070923117350.0
2021-12-31,001250,135046667460.0,3713993852820.0,3849040520280.0
2020-12-31,001250,122247488700.0,2692773490760.0,2815020979460.0
2023-12-31,007070,2960024069830.0,8652523850900.0,11612547920730.0
2022-12-31,007070,2832293205490.0,8199599500460.0,11031892705950.0
2021-12-31,007070,2197146326330.0,7493512996050.0,9690659322380.0
2020-12-31,007070,1831295803620.0,7031023135790.0,8862318939410.0
2022-12-31,078935,8004898000000.0,20772150000000.0,28777048000000.0
2021-12-31,078935,4935588000000.0,15229461000000.0,20165049000000.0
2020-12-31,078935,2758692000000.0,12685522000000.0,15444214000000.0
2022-12-31,267250,5966570425000.0,54883097648000.0,60849668073000.0
2021-12-31,267250,2617374821000.0,25736296657000.0,28353671478000.0
2020-12-31,267250,569687282000.0,18341294237000.0,18910981519000.0
2022-12-31,267270,602038002000.0,2913573919000.0,3515611921000.0
2021-12-31,267270,532625513000.0,2751714110000.0,3284339623000.0
2020-12-31,267270,428309249000.0,1962200545000.0,2390509794000.0
2022-12-31,322000,185269265820.0,799543147300.0,984812413120.0
2021-12-31,322000,75898273970.0,517265307900.0,593163581870.0
2020-12-31,322000,52920593660.0,341476118900.0,394396712560.0
2022-12-31,042670,1007621308160.0,3748492193510.0,4756113501670.0
2021-12-31,042670,991318318460.0,3602346827880.0,4593665146340.0
2020-12-31,042670,842033952770.0,3146070044290.0,3988103997060.0
2023-12-31,035000,219719787540.0,328614211480.0,548333999020.0
2022-12-31,035000,204404402820.0,326043650800.0,530448053620.0
2021-12-31,035000,184458984450.0,274038786040.0,458497770490.0
2020-12-31,035000,164697287200.0,210919735540.0,375617022740.0
2023-12-31,001060,335542396070.0,412984311740.0,748526707810.0
2022-12-31,001060,287954537740.0,396396561500.0,684351099240.0
2021-12-31,001060,234376333340.0,372208611430.0,606584944770.0
2020-12-31,001060,177525624140.0,369810083660.0,547335707800.0
2023-12-31,001067,335542396070.0,412984311740.0,748526707810.0
2022-12-31,001067,287954537740.0,396396561500.0,684351099240.0
2021-12-31,001067,234376333340.0,372208611430.0,606584944770.0
2020-12-31,001067,177525624140.0,369810083660.0,547335707800.0
2023-12-31,001065,335542396070.0,412984311740.0,748526707810.0
2022-12-31,001065,287954537740.0,396396561500.0,684351099240.0
2021-12-31,001065,234376333340.0,372208611430.0,606584944770.0
2020-12-31,001065,177525624140.0,369810083660.0,547335707800.0
2022-12-31,096760,399958810700.0,464577620020.0,864536430720.0
2021-12-31,096760,344178634430.0,444758346460.0,788936980890.0
2020-12-31,096760,307277955750.0,474236884270.0,781514840020.0
2022-12-31,002380,1484908757120.0,5289884894100.0,6774793651220.0
2021-12-31,002380,1326564422000.0,4548334870330.0,5874899292330.0
2020-12-31,002380,1041844824830.0,4041786668160.0,5083631492990.0
2022-12-31,119650,30060460930.0,391523285930.0,421583746860.0
2021-12-31,119650,28817917990.0,326216851780.0,355034769770.0
2020-12-31,119650,-14921508780.0,342830217510.0,327908708730.0
2022-12-31,016380,445869911820.0,3373819116010.0,3819689027830.0
2021-12-31,016380,396766824390.0,2958022361940.0,3354789186330.0
2020-12-31,016380,209770782770.0,2132672808130.0,2342443590900.0
2022-12-31,001390,1088501806730.0,5518853282120.0,6607355088850.0
2021-12-31,001390,891365146340.0,3935253246710.0,4826618393050.0
2020-12-31,001390,667523724210.0,3018826627420.0,3686350351630.0
2022-12-31,044450,84852781160.0,360523008540.0,445375789700.0
2021-12-31,044450,72183732820.0,251817533990.0,324001266810.0
2020-12-31,044450,62188145440.0,163993021600.0,226181167040.0
2023-12-31,058860,501308244720.0,91651426000.0,592959670720.0
2022-12-31,058860,460917082930.0,74866223000.0,535783305930.0
2021-12-31,058860,412373068980.0,55631195000.0,468004263980.0
2020-12-31,058860,410191579630.0,43447565000.0,453639144630.0
2022-12-31,093050,1170380796480.0,798159568150.0,1968540364630.0
2021-12-31,093050,1098094909230.0,695009070490.0,1793103979720.0
2020-12-31,093050,897123550850.0,713336421250.0,1610459972100.0
2023-12-31,032640,11500351000000.0,2872275000000.0,14372626000000.0
2022-12-31,032640,11254775000000.0,2651215000000.0,13905990000000.0
2021-12-31,032640,10995729000000.0,2855406000000.0,13851135000000.0
2020-12-31,032640,10437221000000.0,2980406000000.0,13417627000000.0
2023-12-31,037560,1019536678840.0,170720770000.0,1190257448840.0
2022-12-31,037560,992422667990.0,175445330000.0,1167867997990.0
2021-12-31,037560,971711126920.0,108421154000.0,1080132280920.0
2020-12-31,037560,968489517630.0,89445178000.0,1057934695630.0
2022-12-31,079550,326542021840.0,1894209846590.0,2220751868430.0
2021-12-31,079550,231569889490.0,1590624425950.0,1822194315440.0
2020-12-31,079550,189680189470.0,1410664125550.0,1600344315020.0
2022-12-31,006260,1881714000000.0,15609624000000.0,17491338000000.0
2021-12-31,006260,1612395000000.0,11216879000000.0,12829274000000.0
2020-12-31,006260,1291399000000.0,9152917000000.0,10444316000000.0
2023-12-31,010120,773433562060.0,3457049066380.0,4230482628440.0
2022-12-31,010120,596855887130.0,2780214328700.0,3377070215830.0
2021-12-31,010120,487086631600.0,2181178348650.0,2668264980250.0
2020-12-31,010120,434139917090.0,1968532611330.0,2402672528420.0
2022-12-31,383800,198802000000.0,38116000000.0,236918000000.0
2021-12-31,383800,177404000000.0,8408000000.0,185812000000.0
2022-12-31,38380K,198802000000.0,38116000000.0,236918000000.0
2021-12-31,38380K,177404000000.0,8408000000.0,185812000000.0
2022-12-31,034310,2036972082160.0,715949997000.0,2752922079160.0
2021-12-31,034310,1835499600330.0,614366932000.0,2449866532330.0
2020-12-31,034310,1613727255810.0,441786842000.0,2055514097810.0
2023-12-31,008260,97312890770.0,285598248030.0,382911138800.0
2022-12-31,008260,89716689030.0,265673513110.0,355390202140.0
2021-12-31,008260,44839958920.0,203372790540.0,248212749460.0
2020-12-31,008260,32917821610.0,159654019390.0,192571841000.0
2022-12-31,004250,79396252840.0,465185222860.0,544581475700.0
2021-12-31,004250,75803367170.0,411098783800.0,486902150970.0
2020-12-31,004250,62573967330.0,368759400060.0,431333367390.0
2022-12-31,004255,79396252840.0,465185222860.0,544581475700.0
2021-12-31,004255,75803367170.0,411098783800.0,486902150970.0
2020-12-31,004255,62573967330.0,368759400060.0,431333367390.0
2023-12-31,456040,169507182000.0,1119318493000.0,1288825675000.0
2022-12-31,010950,4154588000000.0,38291440000000.0,42446028000000.0
2021-12-31,010950,2768726000000.0,24695192000000.0,27463918000000.0
2020-12-31,010950,-536523000000.0,17366204000000.0,16829681000000.0
2022-12-31,010955,4154588000000.0,38291440000000.0,42446028000000.0
2021-12-31,010955,2768726000000.0,24695192000000.0,27463918000000.0
2020-12-31,010955,-536523000000.0,17366204000000.0,16829681000000.0
2022-12-31,034120,369438226270.0,804343354620.0,1173781580890.0
2021-12-31,034120,347210152430.0,701824417170.0,1049034569600.0
2020-12-31,034120,223406650370.0,636936463990.0,860343114360.0
2022-12-31,001770,17561425060.0,107702567560.0,125263992620.0
2021-12-31,001770,9446247360.0,95324459000.0,104770706360.0
2020-12-31,001770,5040185260.0,72286769650.0,77326954910.0
2022-12-31,002360,10960794060.0,156395080490.0,167355874550.0
2021-12-31,002360,9664013830.0,134098539880.0,143762553710.0
2020-12-31,002360,1088080590.0,92496181200.0,93584261790.0
2022-12-31,009160,175641134640.0,496587578450.0,672228713090.0
2021-12-31,009160,159436520690.0,453576258880.0,613012779570.0
2020-12-31,009160,37677896060.0,328185406990.0,365863303050.0
2022-12-31,123700,40125198350.0,140112506570.0,180237704920.0
2021-12-31,123700,35044914850.0,110680804610.0,145725719460.0
2020-12-31,123700,30169347570.0,108499604340.0,138668951910.0
2022-12-31,025530,45321204240.0,138902484970.0,184223689210.0
2021-12-31,025530,39483258290.0,110185554370.0,149668812660.0
2020-12-31,025530,33559230010.0,107994229480.0,141553459490.0
2022-12-31,017670,15053138000000.0,2251835000000.0,17304973000000.0
2021-12-31,017670,14521428000000.0,2227157000000.0,16748585000000.0
2020-12-31,017670,13917074000000.0,2170673000000.0,16087747000000.0
2023-12-31,003570,65522276900.0,420431996430.0,485954273330.0
2022-12-31,003570,56118656450.0,351906041810.0,408024698260.0
2021-12-31,003570,41407379890.0,294546632700.0,335954012590.0
2020-12-31,003570,31680876860.0,270073530880.0,301754407740.0
2022-12-31,005610,520388272360.0,2794159008140.0,3314547280500.0
2021-12-31,005610,472762001840.0,2473891784810.0,2946653786650.0
2020-12-31,005610,412503147770.0,2130206282410.0,2542709430180.0
2022-12-31,084870,117412955260.0,85678565990.0,203091521250.0
2021-12-31,084870,106571931820.0,81503617760.0,188075549580.0
2020-12-31,084870,92762689970.0,80377018430.0,173139708400.0
2022-12-31,002900,273881833600.0,892256933260.0,1166138766860.0
2021-12-31,002900,157657601500.0,683798314960.0,841455916460.0
2020-12-31,002900,125070729080.0,588230054320.0,713300783400.0
2022-12-31,000500,88533597860.0,1327920806470.0,1416454404330.0
2021-12-31,000500,61774237330.0,1008608967460.0,1070383204790.0
2020-12-31,000500,47965060290.0,809450188770.0,857415249060.0
2022-12-31,000860,65259222930.0,607906965550.0,673166188480.0
2021-12-31,000860,45144377930.0,545839622050.0,590983999980.0
2020-12-31,000860,42394707090.0,298412645410.0,340807352500.0
2022-12-31,035250,348895092240.0,921790726860.0,1270685819100.0
2021-12-31,035250,61649605120.0,726783224800.0,788432829920.0
2020-12-31,035250,-65920771260.0,544499637600.0,478578866340.0
2022-12-31,011420,10033262330.0,20060621110.0,30093883440.0
2021-12-31,011420,7875362030.0,21024104670.0,28899466700.0
2020-12-31,011420,2873696550.0,16665897320.0,19539593870.0
2022-12-31,002100,110424494510.0,251180078570.0,361604573080.0
2021-12-31,002100,83218250930.0,187051198710.0,270269449640.0
2020-12-31,002100,80611234220.0,167684289580.0,248295523800.0
2023-12-31,009450,513978518720.0,690334353030.0,1204312871750.0
2022-12-31,009450,467907850220.0,692952938380.0,1160860788600.0
2021-12-31,009450,419117742770.0,683829267230.0,1102947010000.0
2020-12-31,009450,337079002100.0,536330016710.0,873409018810.0
2022-12-31,002240,302087594060.0,1770462629070.0,2072550223130.0
2021-12-31,002240,258274080740.0,1433080796350.0,1691354877090.0
2020-12-31,002240,164389999400.0,1232982010500.0,1397372009900.0
2022-12-31,009290,282047726610.0,1149497528520.0,1431545255130.0
2021-12-31,009290,274252688220.0,1063928866100.0,1338181554320.0
2020-12-31,009290,257708535760.0,986061060460.0,1243769596220.0
2022-12-31,014530,67344549330.0,1175131286120.0,1242475835450.0
2021-12-31,014530,52082819770.0,912748922780.0,964831742550.0
2020-12-31,014530,41941829520.0,580919345390.0,622861174910.0
2023-12-31,014280,158067345710.0,698825354800.0,856892700510.0
2022-12-31,014280,110346459630.0,618585240800.0,728931700430.0
2021-12-31,014280,96484228680.0,474051303850.0,570535532530.0
2020-12-31,014280,69271507660.0,432661800220.0,501933307880.0
2023-12-31,014285,158067345710.0,698825354800.0,856892700510.0
2022-12-31,014285,110346459630.0,618585240800.0,728931700430.0
2021-12-31,014285,96484228680.0,474051303850.0,570535532530.0
2020-12-31,014285,69271507660.0,432661800220.0,501933307880.0
2023-12-31,214330,31954978680.0,332365472180.0,364320450860.0
2022-12-31,214330,28899284520.0,248871068710.0,277770353230.0
2021-12-31,214330,21255778210.0,212729788960.0,233985567170.0
2020-12-31,214330,6816465740.0,212816091710.0,219632557450.0
2023-12-31,000270,22628847000000.0,77179573000000.0,99808420000000.0
2022-12-31,000270,18023019000000.0,68536010000000.0,86559029000000.0
2021-12-31,000270,12925201000000.0,56937165000000.0,69862366000000.0
2020-12-31,000270,9945532000000.0,49222564000000.0,59168096000000.0
2022-12-31,025860,174164728050.0,1995401142470.0,2169565870520.0
2021-12-31,025860,120863978550.0,1331020428730.0,1451884407280.0
2020-12-31,025860,116718870540.0,893126377680.0,1009845248220.0
2022-12-31,092790,262748233120.0,405655416690.0,668403649810.0
2021-12-31,092790,107797831520.0,316920716540.0,424718548060.0
2022-12-31,006280,581804463260.0,1129508276270.0,1711312739530.0
2021-12-31,006280,520593271960.0,1017232478290.0,1537825750250.0
2020-12-31,006280,440626609400.0,1063488669250.0,1504115278650.0
2022-12-31,005250,698336717330.0,1381223253670.0,2079559971000.0
2021-12-31,005250,628541184370.0,1212017418630.0,1840558603000.0
2020-12-31,005250,530290891280.0,1189034758720.0,1719325650000.0
2022-12-31,005257,698336717330.0,1381223253670.0,2079559971000.0
2021-12-31,005257,628541184370.0,1212017418630.0,1840558603000.0
2020-12-31,005257,530290891280.0,1189034758720.0,1719325650000.0
2022-12-31,058730,41671100140.0,336810355170.0,378481455310.0
2021-12-31,058730,33472974240.0,330127194950.0,363600169190.0
2020-12-31,058730,14659330840.0,209819177890.0,224478508730.0
2022-12-31,019680,101739284560.0,581337059180.0,683076343740.0
2021-12-31,019680,92574023120.0,545820729430.0,638394752550.0
2020-12-31,019680,84287573950.0,542718015870.0,627005589820.0
2022-12-31,019685,101739284560.0,581337059180.0,683076343740.0
2021-12-31,019685,92574023120.0,545820729430.0,638394752550.0
2020-12-31,019685,84287573950.0,542718015870.0,627005589820.0
2022-12-31,353200,296851516500.0,1019311903750.0,1316163420250.0
2021-12-31,353200,117649521170.0,883281997610.0,1000931518780.0
2020-12-31,353200,37333612130.0,573586291190.0,610919903320.0
2022-12-31,35320K,296851516500.0,1019311903750.0,1316163420250.0
2021-12-31,35320K,117649521170.0,883281997610.0,1000931518780.0
2020-12-31,35320K,37333612130.0,573586291190.0,610919903320.0
2022-12-31,000490,313711362480.0,1150026567240.0,1463737929720.0
2021-12-31,000490,216387049900.0,962806271910.0,1179193321810.0
2020-12-31,000490,178557931500.0,717193492940.0,895751424440.0
2023-12-31,001680,1019013836410.0,3088480107390.0,4107493943800.0
2022-12-31,001680,970337484180.0,3113752793390.0,4084090277570.0
2021-12-31,001680,883203177250.0,2586789345570.0,3469992522820.0
2020-12-31,001680,847089311770.0,2266114356350.0,3113203668120.0
2023-12-31,001685,1019013836410.0,3088480107390.0,4107493943800.0
2022-12-31,001685,970337484180.0,3113752793390.0,4084090277570.0
2021-12-31,001685,883203177250.0,2586789345570.0,3469992522820.0
2020-12-31,001685,847089311770.0,2266114356350.0,3113203668120.0
2023-12-31,084690,1255980952730.0,4003419477410.0,5259400430140.0
2022-12-31,084690,1199435807360.0,4027224012710.0,5226659820070.0
2021-12-31,084690,1112714824860.0,3093254356880.0,4205969181740.0
2020-12-31,084690,1052242883000.0,2702056078400.0,3754298961400.0
2023-12-31,084695,1255980952730.0,4003419477410.0,5259400430140.0
2022-12-31,084695,1199435807360.0,4027224012710.0,5226659820070.0
2021-12-31,084695,1112714824860.0,3093254356880.0,4205969181740.0
2020-12-31,084695,1052242883000.0,2702056078400.0,3754298961400.0
2022-12-31,128820,171650111180.0,1699655673790.0,1871305784970.0
2021-12-31,128820,133652296950.0,995481363030.0,1129133659980.0
2020-12-31,128820,103250340050.0,729132561900.0,832382901950.0
2022-12-31,009190,25839121240.0,229128528050.0,254967649290.0
2021-12-31,009190,22192025800.0,181231875830.0,203423901630.0
2020-12-31,009190,6242702730.0,134252781160.0,140495483890.0
2022-12-31,047040,1253693377280.0,9165519754850.0,10419213132130.0
2021-12-31,047040,1238864576900.0,7446343102760.0,8685207679660.0
2020-12-31,047040,1000291061310.0,7136414675330.0,8136705736640.0
2023-12-31,003090,931247087120.0,882594375000.0,1813841462120.0
2022-12-31,003090,899651918580.0,797686564000.0,1697338482580.0
2021-12-31,003090,762999930810.0,748373650000.0,1511373580810.0
2020-12-31,003090,626457188750.0,728880198000.0,1355337386750.0
2023-12-31,003220,257247325090.0,269704719970.0,526952045060.0
2022-12-31,003220,237941998910.0,240942657450.0,478884656360.0
2021-12-31,003220,176467893510.0,177708541650.0,354176435160.0
2020-12-31,003220,165937288220.0,142563727640.0,308501015860.0
2022-12-31,015230,80483362950.0,341014294880.0,421497657830.0
2021-12-31,015230,55552636180.0,298887025610.0,354439661790.0
2020-12-31,015230,39209565620.0,225262666070.0,264472231690.0
2023-12-31,001130,258109550080.0,1183348997430.0,1441458547510.0
2022-12-31,001130,228153737180.0,1140016314250.0,1368170051430.0
2021-12-31,001130,198239437420.0,913102296710.0,1111341734130.0
2020-12-31,001130,186896860000.0,783351408170.0,970248268170.0
2022-12-31,005880,340527617420.0,1271486846760.0,1612014464180.0
2021-12-31,005880,266757636660.0,887085422780.0,1153843059440.0
2020-12-31,005880,203664504320.0,680413765020.0,884078269340.0
2022-12-31,003830,14574453650.0,136289758610.0,150864212260.0
2021-12-31,003830,11063834030.0,106283040630.0,117346874660.0
2020-12-31,003830,9376879150.0,77516379920.0,86893259070.0
2022-12-31,016090,186480022940.0,132825256650.0,319305279590.0
2021-12-31,016090,163266437000.0,124630004050.0,287896441050.0
2020-12-31,016090,132963555780.0,120235389840.0,253198945620.0
2022-12-31,069460,14622022580.0,159414718160.0,174036740740.0
2021-12-31,069460,8698162660.0,134703595610.0,143401758270.0
2020-12-31,069460,6602277310.0,114824164210.0,121426441520.0
2022-12-31,024900,56407900340.0,1485618343970.0,1542026244310.0
2021-12-31,024900,28377203110.0,1319859711620.0,1348236914730.0
2020-12-31,024900,17404868710.0,1274620119490.0,1292024988200.0
2022-12-31,145720,260676210250.0,95189764790.0,355865975040.0
2021-12-31,145720,193153820450.0,98375867020.0,291529687470.0
2020-12-31,145720,142797046530.0,86952384790.0,229749431320.0
2023-12-31,460850,74128348400.0,1192020721880.0,1266149070280.0
2023-12-31,460860,404052211840.0,2228051917460.0,2632104129300.0
2022-12-31,001230,1169007254640.0,7342119028440.0,8511126283080.0
2021-12-31,001230,1161130955960.0,6079165575140.0,7240296531100.0
2020-12-31,001230,596351218160.0,4609840343150.0,5206191561310.0
2022-12-31,004140,88576778610.0,669956503230.0,758533281840.0
2021-12-31,004140,78274995540.0,517672338610.0,595947334150.0
2020-12-31,004140,72498395640.0,519556089510.0,592054485150.0
2023-12-31,007590,47500527850.0,116774798250.0,164275326100.0
2022-12-31,007590,39409997090.0,107312851510.0,146722848600.0
2021-12-31,007590,37472802990.0,96593131150.0,134065934140.0
2020-12-31,007590,37100118450.0,92421566640.0,129521685090.0
2022-12-31,000640,294385588720.0,720475309230.0,1014860897950.0
2021-12-31,000640,281483972310.0,600460111720.0,881944084030.0
2020-12-31,000640,261984965340.0,521330697130.0,783315662470.0
2022-12-31,170900,315392083990.0,320000598740.0,635392682730.0
2021-12-31,170900,293876032060.0,299351883680.0,593227915740.0
2020-12-31,170900,284340895110.0,302387231860.0,586728126970.0
2022-12-31,001520,82523508650.0,685158028940.0,767681537590.0
2021-12-31,001520,80457914130.0,619111544040.0,699569458170.0
2020-12-31,001520,64260227740.0,538679702210.0,602939929950.0
2022-12-31,001527,82523508650.0,685158028940.0,767681537590.0
2021-12-31,001527,80457914130.0,619111544040.0,699569458170.0
2020-12-31,001527,64260227740.0,538679702210.0,602939929950.0
2022-12-31,001525,82523508650.0,685158028940.0,767681537590.0
2021-12-31,001525,80457914130.0,619111544040.0,699569458170.0
2020-12-31,001525,64260227740.0,538679702210.0,602939929950.0
2022-12-31,092780,40719016910.0,357164080840.0,397883097750.0
2021-12-31,092780,39402880430.0,315187645600.0,354590526030.0
2020-12-31,092780,37853948760.0,283695138470.0,321549087230.0
2022-12-31,049770,865279656650.0,3158297937320.0,4023577593970.0
2021-12-31,049770,797924793270.0,2692698463520.0,3490623256790.0
2020-12-31,049770,720725980920.0,2449533285600.0,3170259266520.0
2022-12-31,006040,1491703150390.0,7534555217090.0,9026258367480.0
2021-12-31,006040,1446634650950.0,6156365008560.0,7602999659510.0
2020-12-31,006040,493904643230.0,2363426663170.0,2857331306400.0
2022-12-31,014820,162796976710.0,1274202474850.0,1436999451560.0
2021-12-31,014820,155595061210.0,1095287209100.0,1250882270310.0
2020-12-31,014820,152915888050.0,925623655940.0,1078539543990.0
2022-12-31,014825,162796976710.0,1274202474850.0,1436999451560.0
2021-12-31,014825,155595061210.0,1095287209100.0,1250882270310.0
2020-12-31,014825,152915888050.0,925623655940.0,1078539543990.0
2022-12-31,111380,77558185570.0,173031035320.0,250589220890.0
2021-12-31,111380,45479876770.0,122903015810.0,168382892580.0
2022-12-31,000020,180990260030.0,159436067270.0,340426327300.0
2021-12-31,000020,149346987730.0,143671124290.0,293018112020.0
2020-12-31,000020,138665954310.0,133409429490.0,272075383800.0
2022-12-31,000150,2838047017240.0,14157713085770.0,16995760103010.0
2021-12-31,000150,2206916966530.0,10644568825480.0,12851485792010.0
2020-12-31,000150,1480907625080.0,9947641536350.0,11428549161430.0
2022-12-31,000157,2838047017240.0,14157713085770.0,16995760103010.0
2021-12-31,000157,2206916966530.0,10644568825480.0,12851485792010.0
2020-12-31,000157,1480907625080.0,9947641536350.0,11428549161430.0
2022-12-31,454910,14243534500.0,30710139900.0,44953674400.0
2021-12-31,454910,11382378090.0,25597845060.0,36980223150.0
2020-12-31,454910,4449605830.0,15714402410.0,20164008240.0
2022-12-31,241560,1948516210000.0,6673395662000.0,8621911872000.0
2021-12-31,241560,1233644789000.0,4582555180000.0,5816199969000.0
2020-12-31,241560,889848268000.0,3392209379000.0,4282057647000.0
2022-12-31,034020,2555877339900.0,12865180742480.0,15421058082380.0
2021-12-31,034020,1833756050630.0,9157134165220.0,10990890215850.0
2020-12-31,034020,1039736451380.0,8131775775060.0,9171512226440.0
2022-12-31,000155,2838047017240.0,14157713085770.0,16995760103010.0
2021-12-31,000155,2206916966530.0,10644568825480.0,12851485792010.0
2020-12-31,000155,1480907625080.0,9947641536350.0,11428549161430.0
2022-12-31,192650,182308768080.0,1186334764290.0,1368643532370.0
2021-12-31,192650,165290150190.0,1066333140410.0,1231623290600.0
2020-12-31,192650,83981892640.0,870677565480.0,954659458120.0
2022-12-31,092200,72994670160.0,622895551410.0,695890221570.0
2021-12-31,092200,67494976460.0,522637069130.0,590132045590.0
2020-12-31,092200,-31681306610.0,525068686360.0,493387379750.0
2022-12-31,089860,2693428447270.0,45511142000.0,2738939589270.0
2021-12-31,089860,2382125760490.0,40533078000.0,2422658838490.0
2020-12-31,089860,2225173401840.0,26899386000.0,2252072787840.0
2022-12-31,020150,129583091340.0,599779830480.0,729362921820.0
2021-12-31,020150,112657969660.0,576234643850.0,688892613510.0
2020-12-31,020150,86395994270.0,450520986410.0,536916980680.0
2023-12-31,280360,1131732951490.0,2934658911620.0,4066391863110.0
2022-12-31,280360,912194527910.0,2291069933140.0,3203264461050.0
2021-12-31,280360,733081854580.0,1412325390200.0,2145407244780.0
2020-12-31,280360,719199979000.0,1356848042950.0,2076048021950.0
2023-12-31,286940,125125394590.0,1071597073310.0,1196722467900.0
2022-12-31,286940,93680480540.0,954024397290.0,1047704877830.0
2021-12-31,286940,75652266570.0,854346444570.0,929998711140.0
2020-12-31,286940,68883635060.0,780662258000.0,849545893060.0
2022-12-31,004990,4150206662370.0,9961645646800.0,14111852309170.0
2021-12-31,004990,2627818346010.0,7297045668180.0,9924864014190.0
2020-12-31,004990,2492045368610.0,6594603860950.0,9086649229560.0
2022-12-31,00499K,4150206662370.0,9961645646800.0,14111852309170.0
2021-12-31,00499K,2627818346010.0,7297045668180.0,9924864014190.0
2020-12-31,00499K,2492045368610.0,6594603860950.0,9086649229560.0
2023-12-31,005300,1235334845490.0,1989345636310.0,3224680481800.0
2022-12-31,005300,1147969098260.0,1693777951600.0,2841747049860.0
2021-12-31,005300,1045814045490.0,1460279224710.0,2506093270200.0
2020-12-31,005300,908450841740.0,1349522459200.0,2257973300940.0
2023-12-31,005305,1235334845490.0,1989345636310.0,3224680481800.0
2022-12-31,005305,1147969098260.0,1693777951600.0,2841747049860.0
2021-12-31,005305,1045814045490.0,1460279224710.0,2506093270200.0
2020-12-31,005305,908450841740.0,1349522459200.0,2257973300940.0
2022-12-31,027740,18325398320.0,302225882670.0,320551280990.0
2021-12-31,027740,10915637780.0,241811368970.0,252727006750.0
2020-12-31,027740,-8598096890.0,223392723570.0,214794626680.0
2022-12-31,017180,78100798600.0,74034141900.0,152134940500.0
2021-12-31,017180,62337786560.0,75422115510.0,137759902070.0
2020-12-31,017180,48991125090.0,78861730810.0,127852855900.0
2022-12-31,009900,201565680940.0,1313676409610.0,1515242090550.0
2021-12-31,009900,102494454960.0,1005213978650.0,1107708433610.0
2020-12-31,009900,101967055700.0,707060757680.0,809027813380.0
2022-12-31,005360,52805627510.0,96726582750.0,149532210260.0
2021-12-31,005360,47032487760.0,85203411670.0,132235899430.0
2020-12-31,005360,40981353450.0,86781569550.0,127762923000.0
2023-12-31,009680,32961748200.0,211297029360.0,244258777560.0
2022-12-31,009680,29275180740.0,194585032030.0,223860212770.0
2021-12-31,009680,27530463470.0,168553452110.0,196083915580.0
2020-12-31,009680,23821938370.0,154735728940.0,178557667310.0
2022-12-31,009580,134071874400.0,640031726830.0,774103601230.0
2021-12-31,009580,83801020860.0,529898084960.0,613699105820.0
2020-12-31,009580,52963558770.0,474944097020.0,527907655790.0
2022-12-31,009200,210476795290.0,1188662471640.0,1399139266930.0
2021-12-31,009200,130020382740.0,925252872080.0,1055273254820.0
2020-12-31,009200,111834989980.0,837819858110.0,949654848090.0
2022-12-31,007120,6586948780.0,6241410480.0,12828359260.0
2021-12-31,007120,4117906680.0,3690014900.0,7807921580.0
2020-12-31,007120,2857640760.0,2913125680.0,5770766440.0
2022-12-31,002840,108141624540.0,330046379420.0,438188003960.0
2021-12-31,002840,84680219710.0,275114763070.0,359794982780.0
2020-12-31,002840,68059163580.0,226924696830.0,294983860410.0
2022-12-31,003650,57886862240.0,360902827810.0,418789690050.0
2021-12-31,003650,49873279700.0,356419393030.0,406292672730.0
2020-12-31,003650,31692690200.0,245885544720.0,277578234920.0
2022-12-31,001340,68872559210.0,163852587610.0,232725146820.0
2021-12-31,001340,52048019800.0,139069708710.0,191117728510.0
2020-12-31,001340,42758021410.0,128566527580.0,171324548990.0
2022-12-31,007210,93757200890.0,426128801950.0,519886002840.0
2021-12-31,007210,76737413690.0,394691603860.0,471429017550.0
2020-12-31,007210,72644321110.0,366883621000.0,439527942110.0
2023-12-31,003850,353429853500.0,506195732260.0,859625585760.0
2022-12-31,003850,307187185250.0,453288659440.0,760475844690.0
2021-12-31,003850,264937357070.0,362342032980.0,627279390050.0
2020-12-31,003850,231441597640.0,330424994810.0,561866592450.0
2022-12-31,002070,118571238220.0,94480918770.0,213052156990.0
2021-12-31,002070,103756936790.0,84106484430.0,187863421220.0
2020-12-31,002070,102784443840.0,80516695670.0,183301139510.0
2022-12-31,100220,146838894660.0,106189744630.0,253028639290.0
2021-12-31,100220,122880653280.0,92693160610.0,215573813890.0
2020-12-31,100220,79782236370.0,92531533280.0,172313769650.0
2022-12-31,090460,192854962560.0,1488198957200.0,1681053919760.0
2021-12-31,090460,100456501510.0,936506155400.0,1036962656910.0
2020-12-31,090460,62839059700.0,658519137480.0,721358197180.0
2023-12-31,005180,441182771630.0,953133610770.0,1394316382400.0
2022-12-31,005180,335711232460.0,931974590210.0,1267685822670.0
2021-12-31,005180,301880489760.0,845554628860.0,1147435118620.0
2020-12-31,005180,260747289390.0,698382200210.0,959129489600.0
2023-12-31,003960,297385489580.0,1765689166100.0,2063074655680.0
2022-12-31,003960,260474072720.0,1758278625950.0,2018752698670.0
2021-12-31,003960,254306299810.0,1559388443110.0,1813694742920.0
2020-12-31,003960,204808854290.0,1513295207880.0,1718104062170.0
2023-12-31,008040,80724046480.0,597773840410.0,678497886890.0
2022-12-31,008040,53069556280.0,578497676900.0,631567233180.0
2021-12-31,008040,48993807760.0,363145753000.0,412139560760.0
2020-12-31,008040,46330528540.0,341273091550.0,387603620090.0
2023-12-31,207940,1802764561290.0,1891824205770.0,3694588767060.0
2022-12-31,207940,1468448032820.0,1532847164860.0,3001295197680.0
2021-12-31,207940,726451365440.0,841555562590.0,1568006928030.0
2020-12-31,207940,416076110170.0,748700763470.0,1164776873640.0
2023-12-31,028050,1450761836050.0,9174156157540.0,10624917993590.0
2022-12-31,028050,1080925613630.0,8973419011550.0,10054344625180.0
2021-12-31,028050,861319798520.0,6625376322650.0,7486696121170.0
2020-12-31,028050,672278746480.0,6076895398640.0,6749174145120.0
2022-12-31,004380,54607930210.0,284526001110.0,339133931320.0
2021-12-31,004380,43531098190.0,266953521450.0,310484619640.0
2020-12-31,004380,33966322500.0,229890121410.0,263856443910.0
2022-12-31,004690,427866062580.0,5361238809090.0,5789104871670.0
2021-12-31,004690,383651516110.0,3385659379960.0,3769310896070.0
2020-12-31,004690,379966699330.0,2828065400010.0,3208032099340.0
2022-12-31,041650,98478019180.0,390536803280.0,489014822460.0
2021-12-31,041650,83006794130.0,314016273910.0,397023068040.0
2020-12-31,041650,71482822830.0,277558825370.0,349041648200.0
2022-12-31,007860,504488901890.0,2747059779970.0,3251548681860.0
2021-12-31,007860,341188815340.0,2138126223170.0,2479315038510.0
2020-12-31,007860,275219509750.0,1962049012930.0,2237268522680.0
2022-12-31,200880,451721777360.0,2393531592590.0,2845253369950.0
2021-12-31,200880,297117429440.0,1882948469310.0,2180065898750.0
2020-12-31,200880,239508361610.0,1722876231660.0,1962384593270.0
2022-12-31,008490,137278330020.0,497687749000.0,634966079020.0
2021-12-31,008490,126233395230.0,470499756770.0,596733152000.0
2020-12-31,008490,120963404790.0,432048748860.0,553012153650.0
2022-12-31,136490,268458403560.0,1602322782070.0,1870781185630.0
2021-12-31,136490,259628834620.0,1269120926590.0,1528749761210.0
2020-12-31,136490,259475567930.0,1088613775080.0,1348089343010.0
2022-12-31,002420,2175658730.0,31534644600.0,33710303330.0
2021-12-31,002420,-124089430.0,18004312390.0,17880222960.0
2020-12-31,002420,-630916450.0,2865112680.0,2234196230.0
2022-12-31,003030,807834130030.0,3146000020630.0,3953834150660.0
2021-12-31,003030,476495996610.0,2365226130960.0,2841722127570.0
2020-12-31,003030,230563823590.0,2075793618170.0,2306357441760.0
2022-12-31,033530,141118577690.0,1717738225140.0,1858856802830.0
2021-12-31,033530,121642526970.0,1426606877810.0,1548249404780.0
2020-12-31,033530,115073841280.0,1067700606380.0,1182774447660.0
2022-12-31,126720,73987587800.0,229551850130.0,303539437930.0
2021-12-31,126720,68933975440.0,225176737210.0,294110712650.0
2020-12-31,126720,49705080420.0,214181499630.0,263886580050.0
2022-12-31,017550,64139628310.0,222157141040.0,286296769350.0
2021-12-31,017550,48799100910.0,204193304940.0,252992405850.0
2020-12-31,017550,30374539420.0,107455159540.0,137829698960.0
2022-12-31,053210,989543641560.0,44692553000.0,1034236194560.0
2021-12-31,053210,740669534360.0,22553065000.0,763222599360.0
2020-12-31,053210,664616466150.0,34098889000.0,698715355150.0
2023-06-30,005390,706940057040.0,835637031920.0,1542577088960.0
2022-06-30,005390,623647646140.0,842163588070.0,1465811234210.0
2021-06-30,005390,471571283390.0,728331732690.0,1199903016080.0
2020-06-30,005390,389881971780.0,637360520000.0,1027242491780.0
2023-12-31,035510,89940574150.0,528982361860.0,618922936010.0
2022-12-31,035510,77776448510.0,519093946300.0,596870394810.0
2021-12-31,035510,69823870810.0,456265176960.0,526089047770.0
2020-12-31,035510,67668273740.0,412639568280.0,480307842020.0
2023-12-31,031440,234495378130.0,1254425292920.0,1488920671050.0
2022-12-31,031440,206738022990.0,1204567146300.0,1411305169290.0
2021-12-31,031440,199612034740.0,1129639626150.0,1329251660890.0
2020-12-31,031440,159824635040.0,1080427257600.0,1240251892640.0
2022-12-31,009270,240955711060.0,754483793250.0,995439504310.0
2021-12-31,009270,197495004710.0,681922581490.0,879417586200.0
2020-12-31,009270,148928913970.0,545367955520.0,694296869490.0
2022-12-31,008700,48061783000.0,432325686000.0,480387469000.0
2021-12-31,008700,40337406000.0,319510962000.0,359848368000.0
2020-12-31,008700,30058747000.0,234688605000.0,264747352000.0
2023-12-31,002030,461676023470.0,1654211299690.0,2115887323160.0
2022-12-31,002030,450015533980.0,1622285055660.0,2072300589640.0
2021-12-31,002030,423105319780.0,1423398419750.0,1846503739530.0
2020-12-31,002030,321265450340.0,1205875699270.0,1527141149610.0
2022-12-31,020560,1008894556040.0,5197774778630.0,6206669334670.0
2021-12-31,020560,374616039160.0,3965090372260.0,4339706411420.0
2020-12-31,020560,81106187160.0,3797026916420.0,3878133103580.0
2022-12-31,122900,157545474550.0,3430629221390.0,3588174695940.0
2021-12-31,122900,146308175690.0,2986183603870.0,3132491779560.0
2020-12-31,122900,142753733830.0,2696657561540.0,2839411295370.0
2022-12-31,010780,542305588960.0,1736137313340.0,2278442902300.0
2021-12-31,010780,459113610060.0,1149327314830.0,1608440924890.0
2020-12-31,010780,343527296310.0,856885420170.0,1200412716480.0
2022-12-31,161000,222145851970.0,1954291030820.0,2176436882790.0
2021-12-31,161000,157888763710.0,1412201024510.0,1570089788220.0
2020-12-31,161000,106212790960.0,802639094270.0,908851885230.0
2022-12-31,118000,6516973750.0,12581353220.0,19098326970.0
2021-12-31,118000,5095558850.0,13517786420.0,18613345270.0
2020-12-31,118000,1128865870.0,5492355980.0,6621221850.0
2022-12-31,005850,465523409560.0,3709014525290.0,4174537934850.0
2021-12-31,005850,286661180830.0,2714481015510.0,3001142196340.0
2020-12-31,005850,254784466790.0,2250232419790.0,2505016886580.0
2023-12-31,012750,616898425520.0,2003912115990.0,2620810541510.0
2022-12-31,012750,591042366080.0,1876917910490.0,2467960276570.0
2021-12-31,012750,555518623590.0,1756970435410.0,2312489059000.0
2020-12-31,012750,551219761830.0,1672120747510.0,2223340509340.0
2022-12-31,278470,291474644090.0,106223475240.0,397698119330.0
2021-12-31,278470,187522682630.0,71623461550.0,259146144180.0
2020-12-31,278470,161352967220.0,58586370450.0,219939337670.0
2022-12-31,450080,55269670600.0,609978608370.0,665248278970.0
2021-12-31,450080,26368322660.0,316519983730.0,342888306390.0
2022-12-31,111770,1316616720650.0,2594344183170.0,3910960903820.0
2021-12-31,111770,827580517350.0,1964937946080.0,2792518463430.0
2020-12-31,111770,628334093170.0,1838040336100.0,2466374429270.0
2022-12-31,009970,1873843612180.0,2660035593340.0,4533879205520.0
2021-12-31,009970,1227410306310.0,2013103521110.0,3240513827420.0
2020-12-31,009970,933359265970.0,1917597202390.0,2850956468360.0
2023-12-31,001800,1116543077580.0,1837263188270.0,2953806265850.0
2022-12-31,001800,1106644563410.0,1827978797220.0,2934623360630.0
2021-12-31,001800,969094987290.0,1445964162170.0,2415059149460.0
2020-12-31,001800,963401774640.0,1317085603640.0,2280487378280.0
2023-12-31,006980,83753588640.0,551084505530.0,634838094170.0
2022-12-31,006980,70711220870.0,541611164260.0,612322385130.0
2021-12-31,006980,68642436820.0,411832760700.0,480475197520.0
2020-12-31,006980,64868566750.0,323689571640.0,388558138390.0
2022-12-31,105840,37279053890.0,86777604840.0,124056658730.0
2021-12-31,105840,30576654190.0,77070718540.0,107647372730.0
2020-12-31,105840,19405073090.0,69796293040.0,89201366130.0
2022-12-31,049800,76079490730.0,178499245280.0,254578736010.0
2021-12-31,049800,62618711040.0,171370734010.0,233989445050.0
2020-12-31,049800,53164716950.0,151831417140.0,204996134090.0
2022-12-31,016880,489339677810.0,560501614260.0,1049841292070.0
2021-12-31,016880,450727864430.0,529138371150.0,979866235580.0
2020-12-31,016880,392561783590.0,493677602490.0,886239386080.0
2022-12-31,095720,467478012700.0,465806583700.0,933284596400.0
2021-12-31,095720,428119845140.0,385756087060.0,813875932200.0
2020-12-31,095720,374649251460.0,271486335400.0,646135586860.0
2022-12-31,010600,22787246780.0,168150152570.0,190937399350.0
2021-12-31,010600,9728300460.0,111895024370.0,121623324830.0
2020-12-31,010600,6407674920.0,54023729810.0,60431404730.0
2022-12-31,446070,4634339510.0,24586942640.0,29221282150.0
2022-12-31,000910,34661464280.0,200319712500.0,234981176780.0
2021-12-31,000910,34224821980.0,181697803930.0,215922625910.0
2020-12-31,000910,33123935590.0,156068717420.0,189192653010.0
2022-12-31,047400,15926303220.0,110220534140.0,126146837360.0
2021-12-31,047400,12709977060.0,105551501380.0,118261478440.0
2020-12-31,047400,11876621600.0,81631944020.0,93508565620.0
2022-12-31,077500,77033110010.0,662426688280.0,739459798290.0
2021-12-31,077500,57822827840.0,533160403060.0,590983230900.0
2020-12-31,077500,37257822300.0,365551605000.0,402809427300.0
2022-12-31,000700,94669363920.0,462938004600.0,557607368520.0
2021-12-31,000700,81047873330.0,422656444370.0,503704317700.0
2020-12-31,000700,55114755650.0,279698770890.0,334813526540.0
2022-12-31,000220,53313143640.0,85567912700.0,138881056340.0
2021-12-31,000220,45335385320.0,70320099670.0,115655484990.0
2020-12-31,000220,45268954610.0,52850891790.0,98119846400.0
2022-12-31,000225,53313143640.0,85567912700.0,138881056340.0
2021-12-31,000225,45335385320.0,70320099670.0,115655484990.0
2020-12-31,000225,45268954610.0,52850891790.0,98119846400.0
2022-12-31,000227,53313143640.0,85567912700.0,138881056340.0
2021-12-31,000227,45335385320.0,70320099670.0,115655484990.0
2020-12-31,000227,45268954610.0,52850891790.0,98119846400.0
2022-12-31,214320,765119714350.0,985287910090.0,1750407624440.0
2021-12-31,214320,668599355480.0,833435045480.0,1502034400960.0
2020-12-31,214320,585960973650.0,635111440280.0,1221072413930.0
2022-12-31,139480,8322734227830.0,21009679618050.0,29332413845880.0
2021-12-31,139480,6749156116460.0,18183524819210.0,24932680935670.0
2020-12-31,139480,5808803670620.0,16224206310240.0,22033009980860.0
2022-12-31,007660,163902587850.0,479017945410.0,642920533260.0
2021-12-31,007660,85499798730.0,384121295400.0,469621094130.0
2020-12-31,007660,51173296140.0,342055377230.0,393228673370.0
2022-12-31,102460,81727928760.0,72310910500.0,154038839260.0
2021-12-31,102460,79437719530.0,63363648010.0,142801367540.0
2020-12-31,102460,72584717610.0,57449435580.0,130034153190.0
2022-12-31,101140,2562715060.0,8841015860.0,11403730920.0
2021-12-31,101140,1958763790.0,8522053920.0,10480817710.0
2020-12-31,101140,812059190.0,9405652420.0,10217711610.0
2022-12-31,006490,34216408840.0,42461912950.0,76678321790.0
2021-12-31,006490,34172349120.0,37493176090.0,71665525210.0
2020-12-31,006490,32626126140.0,25191686790.0,57817812930.0
2022-12-31,023800,78358951760.0,491661898570.0,570020850330.0
2021-12-31,023800,52924784420.0,431930824600.0,484855609020.0
2020-12-31,023800,46711669060.0,411942452330.0,458654121390.0
2022-12-31,023810,74904024670.0,437336464190.0,512240488860.0
2021-12-31,023810,60940160480.0,378334327690.0,439274488170.0
2020-12-31,023810,57554673150.0,326635483950.0,384190157100.0
2023-12-31,003120,36086444760.0,41966787360.0,78053232120.0
2022-12-31,003120,27935137920.0,33312708610.0,61247846530.0
2021-12-31,003120,16135081200.0,25954754610.0,42089835810.0
2020-12-31,003120,13182127660.0,27418604590.0,40600732250.0
2022-12-31,007110,13971871920.0,123699118820.0,137670990740.0
2021-12-31,007110,9859601350.0,64883371220.0,74742972570.0
2020-12-31,007110,9702178850.0,49039873060.0,58742051910.0
2023-12-31,103590,117328813970.0,1129402833210.0,1246731647180.0
2022-12-31,103590,96208704850.0,1068497385360.0,1164706090210.0
2021-12-31,103590,79342986370.0,853019534210.0,932362520580.0
2020-12-31,103590,73336494010.0,634594295700.0,707930789710.0
2023-12-31,015860,187021971580.0,1284874051010.0,1471896022590.0
2022-12-31,015860,181817432970.0,1252070856360.0,1433888289330.0
2021-12-31,015860,165824913980.0,1024247081790.0,1190071995770.0
2020-12-31,015860,152222329390.0,781777770490.0,934000099880.0
2022-12-31,317400,297391388870.0,2181619544070.0,2479010932940.0
2021-12-31,317400,64369700830.0,371361128630.0,435730829460.0
2020-12-31,317400,39368827600.0,316843577600.0,356212405200.0
2023-12-31,462520,58110704490.0,221256203800.0,279366908290.0
2022-12-31,185750,542639392090.0,945705336550.0,1488344728640.0
2021-12-31,185750,495818283600.0,847741079310.0,1343559362910.0
2020-12-31,185750,489139818960.0,813865705430.0,1303005524390.0
2022-12-31,013870,86260809500.0,524245300470.0,610506109970.0
2021-12-31,013870,73353309330.0,457978871210.0,531332180540.0
2020-12-31,013870,52160487130.0,393609941620.0,445770428750.0
2022-12-31,088790,30531640550.0,32885375720.0,63417016270.0
2021-12-31,088790,26793125570.0,32168337420.0,58961462990.0
2020-12-31,088790,23627262050.0,30842096120.0,54469358170.0
2022-12-31,002780,73264778310.0,555671270550.0,628936048860.0
2021-12-31,002780,66395970180.0,377848813700.0,444244783880.0
2020-12-31,002780,41068056970.0,336179194770.0,377247251740.0
2022-12-31,002787,73264778310.0,555671270550.0,628936048860.0
2021-12-31,002787,66395970180.0,377848813700.0,444244783880.0
2020-12-31,002787,41068056970.0,336179194770.0,377247251740.0
2022-12-31,002785,73264778310.0,555671270550.0,628936048860.0
2021-12-31,002785,66395970180.0,377848813700.0,444244783880.0
2020-12-31,002785,41068056970.0,336179194770.0,377247251740.0
2022-12-31,035720,6623403507940.0,483433353000.0,7106836860940.0
2021-12-31,035720,5808452877660.0,328216290000.0,6136669167660.0
2020-12-31,035720,3870770586720.0,286045534000.0,4156816120720.0
2022-12-31,281820,131096593790.0,247096356380.0,378192950170.0
2021-12-31,281820,106692936710.0,237853302970.0,344546239680.0
2020-12-31,281820,102387955960.0,217506749180.0,319894705140.0
2022-12-31,007815,160618467070.0,1436256685050.0,1596875152120.0
2021-12-31,007815,149033705590.0,1275134797160.0,1424168502750.0
2020-12-31,007815,42323374300.0,859797912990.0,902121287290.0
2022-12-31,007810,160618467070.0,1436256685050.0,1596875152120.0
2021-12-31,007810,149033705590.0,1275134797160.0,1424168502750.0
2020-12-31,007810,42323374300.0,859797912990.0,902121287290.0
2022-12-31,00781K,160618467070.0,1436256685050.0,1596875152120.0
2021-12-31,00781K,149033705590.0,1275134797160.0,1424168502750.0
2020-12-31,00781K,42323374300.0,859797912990.0,902121287290.0
2023-12-31,005070,58205791910.0,571372981170.0,629578773080.0
2022-12-31,005070,54610501040.0,430994742510.0,485605243550.0
2021-12-31,005070,39963018210.0,265930076790.0,305893095000.0
2020-12-31,005070,28303950690.0,175948767600.0,204252718290.0
2022-12-31,005420,80745016640.0,637449553460.0,718194570100.0
2021-12-31,005420,64268708560.0,448345639570.0,512614348130.0
2020-12-31,005420,34947097940.0,320554873470.0,355501971410.0
2022-12-31,002020,685491999960.0,4974430374730.0,5659922374690.0
2021-12-31,002020,662899577790.0,4747515379210.0,5410414957000.0
2020-12-31,002020,597579299660.0,4292571236910.0,4890150536570.0
2022-12-31,002025,685491999960.0,4974430374730.0,5659922374690.0
2021-12-31,002025,662899577790.0,4747515379210.0,5410414957000.0
2020-12-31,002025,597579299660.0,4292571236910.0,4890150536570.0
2022-12-31,120110,1481175552630.0,3886298003440.0,5367473556070.0
2021-12-31,120110,1301878560170.0,3360171835270.0,4662050395440.0
2020-12-31,120110,1035691372810.0,2934572593300.0,3970263966110.0
2022-12-31,120115,1481175552630.0,3886298003440.0,5367473556070.0
2021-12-31,120115,1301878560170.0,3360171835270.0,4662050395440.0
2020-12-31,120115,1035691372810.0,2934572593300.0,3970263966110.0
2022-12-31,138490,100797615460.0,417278246140.0,518075861600.0
2021-12-31,138490,75428116180.0,329844108670.0,405272224850.0
2020-12-31,138490,36917154690.0,258265371660.0,295182526350.0
2023-12-31,021240,2571479957830.0,1395039764090.0,3966519721920.0
2022-12-31,021240,2486491838820.0,1369641056260.0,3856132895080.0
2021-12-31,021240,2388937988200.0,1275321568580.0,3664259556780.0
2020-12-31,021240,2193497480820.0,1043913994270.0,3237411475090.0
2022-12-31,036420,191483500010.0,660567347580.0,852050847590.0
2021-12-31,036420,159484028860.0,517645928440.0,677129957300.0
2020-12-31,036420,124959074550.0,235268925130.0,360227999680.0
2022-12-31,031820,102712488580.0,607134733290.0,709847221870.0
2021-12-31,031820,62022095920.0,320477974130.0,382500070050.0
2020-12-31,031820,31973050690.0,206657586440.0,238630637130.0
2022-12-31,192400,276666285080.0,478982152660.0,755648437740.0
2021-12-31,192400,274836234300.0,410273039560.0,685109273860.0
2020-12-31,192400,252614974550.0,335179648110.0,587794622660.0
2022-12-31,284740,570533083050.0,367539586930.0,938072669980.0
2021-12-31,284740,507749120040.0,336535385850.0,844284505890.0
2020-12-31,284740,497107215410.0,289528251030.0,786635466440.0
2022-12-31,020120,67560281270.0,101873493490.0,169433774760.0
2021-12-31,020120,51038262070.0,68079893830.0,119118155900.0
2020-12-31,020120,17273807700.0,28232967870.0,45506775570.0
2022-12-31,014580,73293315480.0,271757896550.0,345051212030.0
2021-12-31,014580,55812132640.0,139344910900.0,195157043540.0
2020-12-31,014580,43181353710.0,122163915940.0,165345269650.0
2022-12-31,015890,149089291440.0,584295066290.0,733384357730.0
2021-12-31,015890,125460347280.0,391310517620.0,516770864900.0
2020-12-31,015890,96976544590.0,333660187900.0,430636732490.0
2023-12-31,006890,31624490070.0,39123731110.0,70748221180.0
2022-12-31,006890,23317559110.0,36295919380.0,59613478490.0
2021-12-31,006890,23211426660.0,30854760220.0,54066186880.0
2020-12-31,006890,17892507210.0,29168031590.0,47060538800.0
2022-12-31,004100,70897227240.0,498605541790.0,569502769030.0
2021-12-31,004100,51358592150.0,411687305970.0,463045898120.0
2020-12-31,004100,43194503840.0,361238334090.0,404432837930.0
2022-12-31,004105,70897227240.0,498605541790.0,569502769030.0
2021-12-31,004105,51358592150.0,411687305970.0,463045898120.0
2020-12-31,004105,43194503840.0,361238334090.0,404432837930.0
2022-12-31,007980,186680058210.0,897926964610.0,1084607022820.0
2021-12-31,007980,118963020450.0,773964633560.0,892927654010.0
2020-12-31,007980,109145894990.0,675894446670.0,785040341660.0
2022-12-31,019180,71322310680.0,398344480320.0,469666791000.0
2021-12-31,019180,54023266380.0,348709832780.0,402733099160.0
2020-12-31,019180,38954833420.0,307444614110.0,346399447530.0
2022-12-31,363280,103078881390.0,250544926000.0,353623807390.0
2021-12-31,363280,60142954650.0,235067063830.0,295210018480.0
2020-12-31,363280,19255691000.0,73643131800.0,92898822800.0
2022-12-31,36328K,103078881390.0,250544926000.0,353623807390.0
2021-12-31,36328K,60142954650.0,235067063830.0,295210018480.0
2020-12-31,36328K,19255691000.0,73643131800.0,92898822800.0
2022-12-31,005690,23819593970.0,36362213000.0,60181806970.0
2021-12-31,005690,23707970280.0,28103650220.0,51811620500.0
2020-12-31,005690,17779291070.0,19972756530.0,37752047600.0
2022-12-31,004720,81302069960.0,69628645410.0,150930715370.0
2021-12-31,004720,60803000400.0,49063066410.0,109866066810.0
2020-12-31,004720,53599087910.0,43015222530.0,96614310440.0
2022-12-31,016800,103044841710.0,278206289130.0,381251130840.0
2021-12-31,016800,89885587330.0,236619692170.0,326505279500.0
2020-12-31,016800,78579977330.0,208272651420.0,286852628750.0
2022-12-31,010770,63302934890.0,676928070590.0,740231005480.0
2021-12-31,010770,61384729490.0,566348125310.0,627732854800.0
2020-12-31,010770,45935482270.0,475175751200.0,521111233470.0
2022-12-31,017810,700418644570.0,2137885215790.0,2838303860360.0
2021-12-31,017810,656234720760.0,1862661385310.0,2518896106070.0
2020-12-31,017810,611494180120.0,1699705812300.0,2311199992420.0
2022-12-31,009810,24709240850.0,106592445810.0,131301686660.0
2021-12-31,009810,3012978390.0,37818828710.0,40831807100.0
2020-12-31,009810,2529348450.0,31557781550.0,34087130000.0
2022-12-31,293480,131239972420.0,79605019740.0,210844992160.0
2021-12-31,293480,130817899730.0,65588671220.0,196406570950.0
2020-12-31,293480,114022876990.0,63282627040.0,177305504030.0
2022-12-31,352820,842639381000.0,933514576000.0,1776153957000.0
2021-12-31,352820,622999116000.0,632927367000.0,1255926483000.0
2020-12-31,352820,374745271000.0,421538126000.0,796283397000.0
2022-12-31,036460,2896024060320.0,48828262572040.0,51724286632360.0
2021-12-31,036460,1661748197170.0,25859008233150.0,27520756430320.0
2020-12-31,036460,1320223030310.0,19513498565150.0,20833721595460.0
2023-12-31,005430,64903695230.0,479821442200.0,544725137430.0
2022-12-31,005430,30880577350.0,369640504270.0,400521081620.0
2021-12-31,005430,21566669860.0,323965513760.0,345532183620.0
2020-12-31,005430,-25647688500.0,328855110090.0,303207421590.0
2022-12-31,010040,37685135280.0,321088931470.0,358774066750.0
2021-12-31,010040,34817557460.0,236920579870.0,271738137330.0
2020-12-31,010040,24005760750.0,179689003120.0,203694763870.0
2022-12-31,010100,112883050440.0,1258470797580.0,1371353848020.0
2021-12-31,010100,81074456980.0,922853373870.0,1003927830850.0
2020-12-31,010100,61569643090.0,819998642820.0,881568285910.0
2022-12-31,002960,87332461330.0,214309737870.0,301642199200.0
2021-12-31,002960,84117811740.0,157270262690.0,241388074430.0
2020-12-31,002960,77221103230.0,123113843720.0,200334946950.0
2022-12-31,000240,342237559640.0,753658210800.0,1095895770440.0
2021-12-31,000240,327185476560.0,636114877930.0,963300354490.0
2020-12-31,000240,241515461580.0,577660660060.0,819176121640.0
2022-12-31,104700,163428710400.0,900747799000.0,1064176509400.0
2021-12-31,104700,143771907440.0,742878226000.0,886650133440.0
2020-12-31,104700,92653002010.0,540729161900.0,633382163910.0
2022-12-31,161890,468835271490.0,1396896251540.0,1865731523030.0
2021-12-31,161890,428132952430.0,1158199757810.0,1586332710240.0
2020-12-31,161890,426297137040.0,895784180620.0,1322081317660.0
2022-12-31,161390,2102546742820.0,6291656293690.0,8394203036510.0
2021-12-31,161390,1947299438220.0,5193837389550.0,7141136827770.0
2020-12-31,161390,1903011934960.0,4550059850400.0,6453071785360.0
2022-12-31,003350,14855913600.0,89021054910.0,103876968510.0
2021-12-31,003350,9308483480.0,58501198980.0,67809682460.0
2020-12-31,003350,8045002520.0,53945279150.0,61990281670.0
2023-12-31,053690,134300851770.0,278614123390.0,412914975160.0
2022-12-31,053690,123908925250.0,250505398590.0,374414323840.0
2021-12-31,053690,89451809620.0,180639885170.0,270091694790.0
2020-12-31,053690,81150210300.0,151422904980.0,232573115280.0
2022-12-31,128940,718553059660.0,612993540460.0,1331546600120.0
2021-12-31,128940,632752241410.0,570433411400.0,1203185652810.0
2020-12-31,128940,580918294020.0,494935310990.0,1075853605010.0
2022-12-31,020000,944973588300.0,597248095120.0,1542221683420.0
2021-12-31,020000,833176303080.0,554225357590.0,1387401660670.0
2020-12-31,020000,705709668760.0,490189971550.0,1195899640310.0
2022-12-31,016450,716456152860.0,2605657380870.0,3322113533730.0
2021-12-31,016450,647257918180.0,2151637818160.0,2798895736340.0
2020-12-31,016450,592817978270.0,2205129096180.0,2797947074450.0
2022-12-31,004150,59963983000.0,407247097000.0,467211080000.0
2021-12-31,004150,51803978000.0,361840159000.0,413644137000.0
2020-12-31,004150,42199880000.0,317282002000.0,359481882000.0
2023-12-31,009420,75172268250.0,59737569370.0,134909837620.0
2022-12-31,009420,61971290270.0,48024128710.0,109995418980.0
2021-12-31,009420,60332612990.0,41261830700.0,101594443690.0
2020-12-31,009420,50651038410.0,37951231680.0,88602270090.0
2022-12-31,014130,31581301440.0,826550459460.0,858131760900.0
2021-12-31,014130,26480972200.0,749770591920.0,776251564120.0
2020-12-31,014130,20102215950.0,595156623170.0,615258839120.0
2022-12-31,300720,308002493390.0,1179572219120.0,1487574712510.0
2021-12-31,300720,289665129710.0,982188496620.0,1271853626330.0
2020-12-31,300720,253540136630.0,720745215240.0,974285351870.0
2023-12-31,051600,282924640580.0,1250926150910.0,1533850791490.0
2022-12-31,051600,225590105810.0,1203484730640.0,1429074836450.0
2021-12-31,051600,217055039720.0,1163498389270.0,1380553428990.0
2020-12-31,051600,211453599420.0,1091748166690.0,1303201766110.0
2022-12-31,000880,5913467000000.0,56364928000000.0,62278395000000.0
2021-12-31,000880,5704498000000.0,47131571000000.0,52836069000000.0
2020-12-31,000880,4101487000000.0,46824964000000.0,50926451000000.0
2022-12-31,00088K,5913467000000.0,56364928000000.0,62278395000000.0
2021-12-31,00088K,5704498000000.0,47131571000000.0,52836069000000.0
2020-12-31,00088K,4101487000000.0,46824964000000.0,50926451000000.0
2022-12-31,009830,2801375245080.0,10852572859820.0,13653948104900.0
2021-12-31,009830,2196180039790.0,8529012345030.0,10725192384820.0
2020-12-31,009830,1925892629250.0,7269115499110.0,9195008128360.0
2022-12-31,009835,2801375245080.0,10852572859820.0,13653948104900.0
2021-12-31,009835,2196180039790.0,8529012345030.0,10725192384820.0
2020-12-31,009835,1925892629250.0,7269115499110.0,9195008128360.0
2022-12-31,000885,5913467000000.0,56364928000000.0,62278395000000.0
2021-12-31,000885,5704498000000.0,47131571000000.0,52836069000000.0
2020-12-31,000885,4101487000000.0,46824964000000.0,50926451000000.0
2023-12-31,064350,464398450000.0,3122984003000.0,3587382453000.0
2022-12-31,064350,365431653000.0,2797911962000.0,3163343615000.0
2021-12-31,064350,252785166000.0,2619726786000.0,2872511952000.0
2020-12-31,064350,244501904000.0,2540824150000.0,2785326054000.0
2023-12-31,012330,6762174000000.0,52492187000000.0,59254361000000.0
2022-12-31,012330,5987154000000.0,45919139000000.0,51906293000000.0
2021-12-31,012330,5264538000000.0,36437646000000.0,41702184000000.0
2020-12-31,012330,4704238000000.0,31922266000000.0,36626504000000.0
2022-12-31,069960,3337448653000.0,1676674976000.0,5014123629000.0
2021-12-31,069960,2340278942000.0,1232154240000.0,3572433182000.0
2020-12-31,069960,1428196797000.0,844955068000.0,2273151865000.0
2022-12-31,307950,299790549300.0,2454717453690.0,2754508002990.0
2021-12-31,307950,229237918990.0,1841144193280.0,2070382112270.0
2020-12-31,307950,170370208680.0,1392222339830.0,1562592548510.0
2022-12-31,011210,587025000000.0,7620589000000.0,8207614000000.0
2021-12-31,011210,496995000000.0,7030744000000.0,7527739000000.0
2020-12-31,011210,350917000000.0,6241325000000.0,6592242000000.0
2022-12-31,005440,640769456000.0,3282408352000.0,3923177808000.0
2021-12-31,005440,584619708000.0,2901460713000.0,3486080421000.0
2020-12-31,005440,550709814000.0,2687779268000.0,3238489082000.0
2023-12-31,005380,33484396000000.0,129179183000000.0,162663579000000.0
2022-12-31,005380,28271900000000.0,113879569000000.0,142151469000000.0
2021-12-31,005380,21930495000000.0,95680131000000.0,117610626000000.0
2020-12-31,005380,18481670000000.0,85515931000000.0,103997601000000.0
2023-12-31,005387,33484396000000.0,129179183000000.0,162663579000000.0
2022-12-31,005387,28271900000000.0,113879569000000.0,142151469000000.0
2021-12-31,005387,21930495000000.0,95680131000000.0,117610626000000.0
2020-12-31,005387,18481670000000.0,85515931000000.0,103997601000000.0
2023-12-31,005389,33484396000000.0,129179183000000.0,162663579000000.0
2022-12-31,005389,28271900000000.0,113879569000000.0,142151469000000.0
2021-12-31,005389,21930495000000.0,95680131000000.0,117610626000000.0
2020-12-31,005389,18481670000000.0,85515931000000.0,103997601000000.0
2023-12-31,005385,33484396000000.0,129179183000000.0,162663579000000.0
2022-12-31,005385,28271900000000.0,113879569000000.0,142151469000000.0
2021-12-31,005385,21930495000000.0,95680131000000.0,117610626000000.0
2020-12-31,005385,18481670000000.0,85515931000000.0,103997601000000.0
2022-12-31,011760,158719048340.0,5968249702820.0,6126968751160.0
2021-12-31,011760,111115179870.0,3671382343160.0,3782497523030.0
2020-12-31,011760,102655159020.0,2778230586190.0,2880885745210.0
2022-12-31,111110,95513723240.0,384485852790.0,479999576030.0
2021-12-31,111110,66117649440.0,278749934090.0,344867583530.0
2020-12-31,111110,43656835910.0,248877916710.0,292534752620.0
2022-12-31,378850,97285171890.0,560642351610.0,657927523500.0
2021-12-31,378850,74879443170.0,430878249980.0,505757693150.0
2022-12-31,010690,174011914130.0,1516259501030.0,1690271415160.0
2021-12-31,010690,101546836280.0,1135045552110.0,1236592388390.0
2020-12-31,010690,57020637890.0,1028521343500.0,1085541981390.0
2023-12-31,016580,99160613210.0,131232965770.0,230393578980.0
2022-12-31,016580,98792994790.0,100141739600.0,198934734390.0
2021-12-31,016580,93492345040.0,84283355570.0,177775700610.0
2020-12-31,016580,86602112430.0,85103292540.0,171705404970.0
2022-12-31,032560,72461768120.0,260983895780.0,333445663900.0
2021-12-31,032560,67126706380.0,203855586900.0,270982293280.0
2020-12-31,032560,46493055080.0,192961440170.0,239454495250.0
2022-12-31,093370,165988432230.0,444575897030.0,610564329260.0
2021-12-31,093370,105638225540.0,275618549330.0,381256774870.0
2020-12-31,093370,43341976700.0,218257829640.0,261599806340.0
2022-12-31,081660,2029305410790.0,2192444715830.0,4221750126620.0
2021-12-31,081660,1880250011250.0,1913708628700.0,3793958639950.0
2020-12-31,081660,1544641398400.0,1584164454400.0,3128805852800.0
2022-12-31,005010,323826225040.0,707097241660.0,1030923466700.0
2021-12-31,005010,92574410400.0,523931111900.0,616505522300.0
2020-12-31,005010,43712430250.0,321900690370.0,365613120620.0
